@TechReport{hera_memo39,
  author =      {Aaron Ewall-Wice},
  title =       {A Survey of HERA HC1 150 m cable reflections},
  institution = {HERA Memo Series \#39 http://reionization.org/science/memos/},
  year =        {2017}
}

@Article{carilli18,
  author =        {{Carilli}, C.~L. and {Nikolic}, B. and {Thyagarayan}, N. and {Gale-Sides}, K. and {Abdurashidova}, Zara and {Aguirre}, James E. and {Alexander}, Paul and {Ali}, Zaki S. and {Balfour}, Yanga and {Beardsley}, Adam P. and {Bernardi}, Gianni and {Bowman}, Judd D. and {Bradley}, Richard F. and {Burba}, Jacob and {Cheng}, Carina and {DeBoer}, David R. and {Dexter}, Matt and {de Lera Acedo}, Eloy and {Dillon}, Joshua S. and {Ewall-Wice}, Aaron and {Fadana}, Gcobisa and {Fagnoni}, Nicolas and {Fritz}, Randall and {Furlanetto}, Steve R. and {Ghosh}, Abhik and {Glendenning}, Brian and {Greig}, Bradley and {Grobbelaar}, Jasper and {Halday}, Ziyaad and {Hazelton}, Bryna J. and {Hewitt}, Jacqueline N. and {Hickish}, Jack and {Jacobs}, Daniel C. and {Julius}, Austin and {Kariseb}, MacCalvin and {Kohn}, Saul A. and {Kolopanis}, Mathew and {Lekalake}, Telalo and {Liu}, Adrian and {Loots}, Anita and {MacMahon}, David and {Malan}, Lourence and {Malgas}, Cresshim and {Maree}, Matthys and {Martinot}, Zachary and {Matsetela}, Eunice and {Mesinger}, Andrei and {Molewa}, Mathakane and {Morales}, Miguel F. and {Neben}, Abraham R. and {Parsons}, Aaron R. and {Patra}, Nipanjana and {Pieterse}, Samantha and {La Plante}, Paul and {Pober}, Jonathan C. and {Razavi-Ghods}, Nima and {Ringuette}, Jon and {Robnett}, James and {Rosie}, Kathryn and {Sell}, Raddwine and {Sims}, Peter and {Smith}, Craig and {Syce}, Angelo and {Williams}, Peter K.~G.~ and {Zheng}, Haoxuan},
  title =         {{H I 21-cm Cosmology and the Bispectrum: Closure Diagnostics in Massively Redundant Interferometric Arrays}},
  journal =       {Radio Science},
  year =          {2018},
  volume =        {53},
  pages =         {845-865},
  month =         may,
  adsnote =       {Provided by the SAO/NASA Astrophysics Data System},
  adsurl =        {http://adsabs.harvard.edu/abs/2018RaSc...53..845C},
  archiveprefix = {arXiv},
  doi =           {10.1029/2018RS006537},
  eprint =        {1805.00953},
  keywords =      {cosmology, radio astoronomy {\"i}{\iquest}{\frac14}},
  primaryclass =  {astro-ph.IM}
}


@Article{jacobs13b,
  author =        {{Jacobs}, D.~C. and {Parsons}, A.~R. and {Aguirre}, J.~E. and {Ali}, Z. and {Bowman}, J. and {Bradley}, R.~F. and {Carilli}, C.~L. and {DeBoer}, D.~R. and {Dexter}, M.~R. and {Gugliucci}, N.~E. and {Klima}, P. and {MacMahon}, D.~H.~E. and {Manley}, J.~R. and {Moore}, D.~F. and {Pober}, J.~C. and {Stefan}, I.~I. and {Walbrugh}, W.~P.},
  title =         {{A Flux Scale for Southern Hemisphere 21~cm Epoch of Reionization Experiments}},
  journal =       {\apj},
  year =          {2013},
  volume =        {776},
  pages =         {108},
  month =         oct,
  adsnote =       {Provided by the SAO/NASA Astrophysics Data System},
  adsurl =        {http://adsabs.harvard.edu/abs/2013ApJ...776..108J},
  archiveprefix = {arXiv},
  doi =           {10.1088/0004-637X/776/2/108},
  eid =           {108},
  eprint =        {1307.7716},
  keywords =      {dark ages, reionization, first stars, catalogs, instrumentation: interferometers },
  primaryclass =  {astro-ph.CO}
}

@Article{Martinot18,
  author =        {{Martinot}, Z.~E. and {Aguirre}, J.~E. and {Kohn}, S.~A. and {Washington}, I.~Q.},
  title =         {{Ionospheric Attenuation of Polarized Foregrounds in 21 cm Epoch of Reionization Measurements: A Demonstration for the HERA Experiment}},
  journal =       {\apj},
  year =          {2018},
  volume =        {869},
  pages =         {79},
  month =         dec,
  adsnote =       {Provided by the SAO/NASA Astrophysics Data System},
  adsurl =        {http://adsabs.harvard.edu/abs/2018ApJ...869...79M},
  archiveprefix = {arXiv},
  doi =           {10.3847/1538-4357/aaeac6},
  eid =           {79},
  eprint =        {1808.05968},
  keywords =      {atmospheric effects, cosmology: observations, dark ages, reionization, first stars, polarization, techniques: interferometric },
  primaryclass =  {astro-ph.IM}
}

@ARTICLE{Lenc.18,
   author = {{Lenc}, E. and {Murphy}, T. and {Lynch}, C.~R. and {Kaplan}, D.~L. and 
	{Zhang}, S.},
    title = "{An all-sky survey of circular polarisation at 200 MHz}",
  journal = {ArXiv e-prints},
archivePrefix = "arXiv",
   eprint = {1805.05482},
 keywords = {Astrophysics - Astrophysics of Galaxies, Astrophysics - Instrumentation and Methods for Astrophysics},
     year = 2018,
    month = may,
   adsurl = {http://adsabs.harvard.edu/abs/2018arXiv180505482L},
  adsnote = {Provided by the SAO/NASA Astrophysics Data System}
}

@ARTICLE{Mishra17,
   author = {{Mishra}, A. and {Hirata}, C.~M.},
    title = "{Detecting primordial gravitational waves with circular polarization of the redshifted 21 cm line. II. Forecasts}",
  journal = {\prd},
archivePrefix = "arXiv",
   eprint = {1707.03514},
     year = 2018,
    month = may,
   volume = 97,
   number = 10,
      eid = {103522},
    pages = {103522},
      doi = {10.1103/PhysRevD.97.103522},
   adsurl = {http://adsabs.harvard.edu/abs/2018PhRvD..97j3522M},
  adsnote = {Provided by the SAO/NASA Astrophysics Data System}
}


@ARTICLE{Lidz.07,
   author = {{Lidz}, A. and {Zahn}, O. and {McQuinn}, M. and {Zaldarriaga}, M. and 
	{Dutta}, S. and {Hernquist}, L.},
    title = "{Higher Order Contributions to the 21 cm Power Spectrum}",
  journal = {\apj},
   eprint = {astro-ph/0610054},
 keywords = {Cosmology: Theory, Galaxies: Intergalactic Medium, Cosmology: Large-Scale Structure of Universe},
     year = 2007,
    month = apr,
   volume = 659,
    pages = {865-876},
      doi = {10.1086/511670},
   adsurl = {http://adsabs.harvard.edu/abs/2007ApJ...659..865L},
  adsnote = {Provided by the SAO/NASA Astrophysics Data System}
}

@ARTICLE{Thyagarajan.13,
   author = {{Thyagarajan}, N. and {Udaya Shankar}, N. and {Subrahmanyan}, R. and 
	{Arcus}, W. and {Bernardi}, G. and {Bowman}, J.~D. and {Briggs}, F. and 
	{Bunton}, J.~D. and {Cappallo}, R.~J. and {Corey}, B.~E. and 
	{deSouza}, L. and {Emrich}, D. and {Gaensler}, B.~M. and {Goeke}, R.~F. and 
	{Greenhill}, L.~J. and {Hazelton}, B.~J. and {Herne}, D. and 
	{Hewitt}, J.~N. and {Johnston-Hollitt}, M. and {Kaplan}, D.~L. and 
	{Kasper}, J.~C. and {Kincaid}, B.~B. and {Koenig}, R. and {Kratzenberg}, E. and 
	{Lonsdale}, C.~J. and {Lynch}, M.~J. and {McWhirter}, S.~R. and 
	{Mitchell}, D.~A. and {Morales}, M.~F. and {Morgan}, E.~H. and 
	{Oberoi}, D. and {Ord}, S.~M. and {Pathikulangara}, J. and {Remillard}, R.~A. and 
	{Rogers}, A.~E.~E. and {Anish Roshi}, D. and {Salah}, J.~E. and 
	{Sault}, R.~J. and {Srivani}, K.~S. and {Stevens}, J.~B. and 
	{Thiagaraj}, P. and {Tingay}, S.~J. and {Wayth}, R.~B. and {Waterson}, M. and 
	{Webster}, R.~L. and {Whitney}, A.~R. and {Williams}, A.~J. and 
	{Williams}, C.~L. and {Wyithe}, J.~S.~B.},
    title = "{A Study of Fundamental Limitations to Statistical Detection of Redshifted H I from the Epoch of Reionization}",
  journal = {\apj},
archivePrefix = "arXiv",
   eprint = {1308.0565},
 keywords = {dark ages, reionization, first stars, large-scale structure of universe, methods: statistical, radio continuum: galaxies, radio lines: general, techniques: interferometric},
     year = 2013,
    month = oct,
   volume = 776,
      eid = {6},
    pages = {6},
      doi = {10.1088/0004-637X/776/1/6},
   adsurl = {http://adsabs.harvard.edu/abs/2013ApJ...776....6T},
  adsnote = {Provided by the SAO/NASA Astrophysics Data System}
}
@ARTICLE{Thyagarajan.16,
   author = {{Thyagarajan}, N. and {Parsons}, A.~R. and {DeBoer}, D.~R. and 
	{Bowman}, J.~D. and {Ewall-Wice}, A.~M. and {Neben}, A.~R. and 
	{Patra}, N.},
    title = "{Effects of Antenna Beam Chromaticity on Redshifted 21 cm Power Spectrum and Implications for Hydrogen Epoch of Reionization Array}",
  journal = {\apj},
archivePrefix = "arXiv",
   eprint = {1603.08958},
 keywords = {cosmology: observations, dark ages, reionization, first stars, instrumentation: interferometers, large-scale structure of universe, radio continuum: galaxies, techniques: interferometric},
     year = 2016,
    month = jul,
   volume = 825,
      eid = {9},
    pages = {9},
      doi = {10.3847/0004-637X/825/1/9},
   adsurl = {http://adsabs.harvard.edu/abs/2016ApJ...825....9T},
  adsnote = {Provided by the SAO/NASA Astrophysics Data System}
}
@ARTICLE{Vedantham.12,
   author = {{Vedantham}, H. and {Udaya Shankar}, N. and {Subrahmanyan}, R.
	},
    title = "{Imaging the Epoch of Reionization: Limitations from Foreground Confusion and Imaging Algorithms}",
  journal = {\apj},
archivePrefix = "arXiv",
   eprint = {1106.1297},
 primaryClass = "astro-ph.IM",
 keywords = {cosmology: observations, methods: analytical, methods: data analysis, techniques: interferometric},
     year = 2012,
    month = feb,
   volume = 745,
      eid = {176},
    pages = {176},
      doi = {10.1088/0004-637X/745/2/176},
   adsurl = {http://adsabs.harvard.edu/abs/2012ApJ...745..176V},
  adsnote = {Provided by the SAO/NASA Astrophysics Data System}
}

@ARTICLE{Shaw.15.1,
   author = {{Shaw}, J.~R. and {Sigurdson}, K. and {Sitwell}, M. and {Stebbins}, A. and 
	{Pen}, U.-L.},
    title = "{Coaxing cosmic 21 cm fluctuations from the polarized sky using m -mode analysis}",
  journal = {\prd},
archivePrefix = "arXiv",
   eprint = {1401.2095},
 keywords = {Cosmology, Observational cosmology},
     year = 2015,
    month = apr,
   volume = 91,
   number = 8,
      eid = {083514},
    pages = {083514},
      doi = {10.1103/PhysRevD.91.083514},
   adsurl = {http://adsabs.harvard.edu/abs/2015PhRvD..91h3514S},
  adsnote = {Provided by the SAO/NASA Astrophysics Data System}
}

@ARTICLE{Lenc.16,
   author = {{Lenc}, E. and {Gaensler}, B.~M. and {Sun}, X.~H. and {Sadler}, E.~M. and 
	{Willis}, A.~G. and {Barry}, N. and {Beardsley}, A.~P. and {Bell}, M.~E. and 
	{Bernardi}, G. and {Bowman}, J.~D. and {Briggs}, F. and {Callingham}, J.~R. and 
	{Cappallo}, R.~J. and {Carroll}, P. and {Corey}, B.~E. and {de Oliveira-Costa}, A. and 
	{Deshpande}, A.~A. and {Dillon}, J.~S. and {Dwarkanath}, K.~S. and 
	{Emrich}, D. and {Ewall-Wice}, A. and {Feng}, L. and {For}, B.-Q. and 
	{Goeke}, R. and {Greenhill}, L.~J. and {Hancock}, P. and {Hazelton}, B.~J. and 
	{Hewitt}, J.~N. and {Hindson}, L. and {Hurley-Walker}, N. and 
	{Johnston-Hollitt}, M. and {Jacobs}, D.~C. and {Kapi{\'n}ska}, A.~D. and 
	{Kaplan}, D.~L. and {Kasper}, J.~C. and {Kim}, H.-S. and {Kratzenberg}, E. and 
	{Line}, J. and {Loeb}, A. and {Lonsdale}, C.~J. and {Lynch}, M.~J. and 
	{McKinley}, B. and {McWhirter}, S.~R. and {Mitchell}, D.~A. and 
	{Morales}, M.~F. and {Morgan}, E. and {Morgan}, J. and {Murphy}, T. and 
	{Neben}, A.~R. and {Oberoi}, D. and {Offringa}, A.~R. and {Ord}, S.~M. and 
	{Paul}, S. and {Pindor}, B. and {Pober}, J.~C. and {Prabu}, T. and 
	{Procopio}, P. and {Riding}, J. and {Rogers}, A.~E.~E. and {Roshi}, A. and 
	{Udaya Shankar}, N. and {Sethi}, S.~K. and {Srivani}, K.~S. and 
	{Staveley-Smith}, L. and {Subrahmanyan}, R. and {Sullivan}, I.~S. and 
	{Tegmark}, M. and {Thyagarajan}, N. and {Tingay}, S.~J. and 
	{Trott}, C. and {Waterson}, M. and {Wayth}, R.~B. and {Webster}, R.~L. and 
	{Whitney}, A.~R. and {Williams}, A. and {Williams}, C.~L. and 
	{Wu}, C. and {Wyithe}, J.~S.~B. and {Zheng}, Q.},
    title = "{Low-frequency Observations of Linearly Polarized Structures in the Interstellar Medium near the South Galactic Pole}",
  journal = {\apj},
archivePrefix = "arXiv",
   eprint = {1607.05779},
 keywords = {ISM: magnetic fields, ISM: structure, magnetic fields, polarization, radio continuum: ISM, techniques: polarimetric},
     year = 2016,
    month = oct,
   volume = 830,
      eid = {38},
    pages = {38},
      doi = {10.3847/0004-637X/830/1/38},
   adsurl = {http://adsabs.harvard.edu/abs/2016ApJ...830...38L},
  adsnote = {Provided by the SAO/NASA Astrophysics Data System}
}

@ARTICLE{vanStraten.10,
   author = {{van Straten}, W. and {Manchester}, R.~N. and {Johnston}, S. and 
	{Reynolds}, J.~E.},
    title = "{PSRCHIVE and PSRFITS: Definition of the Stokes Parameters and Instrumental Basis Conventions}",
  journal = {\pasa},
archivePrefix = "arXiv",
   eprint = {0912.1662},
 primaryClass = "astro-ph.IM",
 keywords = {methods: data analysis, techniques: polarimetric, pulsars: general, polarisation},
     year = 2010,
    month = mar,
   volume = 27,
    pages = {104-119},
      doi = {10.1071/AS09084},
   adsurl = {http://adsabs.harvard.edu/abs/2010PASA...27..104V},
  adsnote = {Provided by the SAO/NASA Astrophysics Data System}
}

@article{Ludwig.73,
  title={The definition of cross polarization},
  author={Ludwig, Arthur},
  journal={IEEE Transactions on Antennas and Propagation},
  volume={21},
  number={1},
  pages={116--119},
  year={1973},
  publisher={IEEE}
}
@ARTICLE{Ewall-Wice.EoX,
   author = {{Ewall-Wice}, A. and {Dillon}, J.~S. and {Hewitt}, J.~N. and 
	{Loeb}, A. and {Mesinger}, A. and {Neben}, A.~R. and {Offringa}, A.~R. and 
	{Tegmark}, M. and {Barry}, N. and {Beardsley}, A.~P. and {Bernardi}, G. and 
	{Bowman}, J.~D. and {Briggs}, F. and {Cappallo}, R.~J. and {Carroll}, P. and 
	{Corey}, B.~E. and {de Oliveira-Costa}, A. and {Emrich}, D. and 
	{Feng}, L. and {Gaensler}, B.~M. and {Goeke}, R. and {Greenhill}, L.~J. and 
	{Hazelton}, B.~J. and {Hurley-Walker}, N. and {Johnston-Hollitt}, M. and 
	{Jacobs}, D.~C. and {Kaplan}, D.~L. and {Kasper}, J.~C. and 
	{Kim}, H. and {Kratzenberg}, E. and {Lenc}, E. and {Line}, J. and 
	{Lonsdale}, C.~J. and {Lynch}, M.~J. and {McKinley}, B. and 
	{McWhirter}, S.~R. and {Mitchell}, D.~A. and {Morales}, M.~F. and 
	{Morgan}, E. and {Thyagarajan}, N. and {Oberoi}, D. and {Ord}, S.~M. and 
	{Paul}, S. and {Pindor}, B. and {Pober}, J.~C. and {Prabu}, T. and 
	{Procopio}, P. and {Riding}, J. and {Rogers}, A.~E.~E. and {Roshi}, A. and 
	{Shankar}, N.~U. and {Sethi}, S.~K. and {Srivani}, K.~S. and 
	{Subrahmanyan}, R. and {Sullivan}, I.~S. and {Tingay}, S.~J. and 
	{Trott}, C.~M. and {Waterson}, M. and {Wayth}, R.~B. and {Webster}, R.~L. and 
	{Whitney}, A.~R. and {Williams}, A. and {Williams}, C.~L. and 
	{Wu}, C. and {Wyithe}, J.~S.~B.},
    title = "{First limits on the 21 cm power spectrum during the Epoch of X-ray heating}",
  journal = {MNRAS},
archivePrefix = "arXiv",
   eprint = {1605.00016},
 keywords = {techniques: interferometric, dark ages, reionization, first stars, radio lines: general, X-rays: galaxies},
     year = 2016,
    month = aug,
   volume = 460,
    pages = {4320-4347},
      doi = {10.1093/mnras/stw1022},
   adsurl = {http://adsabs.harvard.edu/abs/2016MNRAS.460.4320E},
  adsnote = {Provided by the SAO/NASA Astrophysics Data System}
}

@ARTICLE{Beardsley.16,
   author = {{Beardsley}, A.~P. and {Hazelton}, B.~J. and {Sullivan}, I.~S. and 
	{Carroll}, P. and {Barry}, N. and {Rahimi}, M. and {Pindor}, B. and 
	{Trott}, C.~M. and {Line}, J. and {Jacobs}, D.~C. and {Morales}, M.~F. and 
	{Pober}, J.~C. and {Bernardi}, G. and {Bowman}, J.~D. and {Busch}, M.~P. and 
	{Briggs}, F. and {Cappallo}, R.~J. and {Corey}, B.~E. and {de Oliveira-Costa}, A. and 
	{Dillon}, J.~S. and {Emrich}, D. and {Ewall-Wice}, A. and {Feng}, L. and 
	{Gaensler}, B.~M. and {Goeke}, R. and {Greenhill}, L.~J. and 
	{Hewitt}, J.~N. and {Hurley-Walker}, N. and {Johnston-Hollitt}, M. and 
	{Kaplan}, D.~L. and {Kasper}, J.~C. and {Kim}, H.~S. and {Kratzenberg}, E. and 
	{Lenc}, E. and {Loeb}, A. and {Lonsdale}, C.~J. and {Lynch}, M.~J. and 
	{McKinley}, B. and {McWhirter}, S.~R. and {Mitchell}, D.~A. and 
	{Morgan}, E. and {Neben}, A.~R. and {Thyagarajan}, N. and {Oberoi}, D. and 
	{Offringa}, A.~R. and {Ord}, S.~M. and {Paul}, S. and {Prabu}, T. and 
	{Procopio}, P. and {Riding}, J. and {Rogers}, A.~E.~E. and {Roshi}, A. and 
	{Udaya Shankar}, N. and {Sethi}, S.~K. and {Srivani}, K.~S. and 
	{Subrahmanyan}, R. and {Tegmark}, M. and {Tingay}, S.~J. and 
	{Waterson}, M. and {Wayth}, R.~B. and {Webster}, R.~L. and {Whitney}, A.~R. and 
	{Williams}, A. and {Williams}, C.~L. and {Wu}, C. and {Wyithe}, J.~S.~B.
	},
    title = "{First Season MWA EoR Power spectrum Results at Redshift 7}",
  journal = {ApJ},
archivePrefix = "arXiv",
   eprint = {1608.06281},
 primaryClass = "astro-ph.IM",
 keywords = {cosmology: observations, cosmology: reionization},
     year = 2016,
    month = dec,
   volume = 833,
      eid = {102},
    pages = {102},
      doi = {10.3847/1538-4357/833/1/102},
   adsurl = {http://adsabs.harvard.edu/abs/2016ApJ...833..102B},
  adsnote = {Provided by the SAO/NASA Astrophysics Data System}
}

@ARTICLE{Wolleben.06,
   author = {{Wolleben}, M. and {Landecker}, T.~L. and {Reich}, W. and {Wielebinski}, R.
	},
    title = "{An absolutely calibrated survey of polarized emission from the northern sky at 1.4 GHz. Observations and data reduction}",
  journal = {A\& A},
   eprint = {astro-ph/0510456},
 keywords = {surveys, polarization, radio continuum: general, methods: observational, instrumentation: polarimeters, magnetic fields},
     year = 2006,
    month = mar,
   volume = 448,
    pages = {411-424},
      doi = {10.1051/0004-6361:20053851},
   adsurl = {http://adsabs.harvard.edu/abs/2006A%26A...448..411W},
  adsnote = {Provided by the SAO/NASA Astrophysics Data System}
}

@ARTICLE{Oppermann.12,
   author = {{Oppermann}, N. and {Junklewitz}, H. and {Robbers}, G. and {Bell}, M.~R. and 
	{En{\ss}lin}, T.~A. and {Bonafede}, A. and {Braun}, R. and {Brown}, J.~C. and 
	{Clarke}, T.~E. and {Feain}, I.~J. and {Gaensler}, B.~M. and 
	{Hammond}, A. and {Harvey-Smith}, L. and {Heald}, G. and {Johnston-Hollitt}, M. and 
	{Klein}, U. and {Kronberg}, P.~P. and {Mao}, S.~A. and {McClure-Griffiths}, N.~M. and 
	{O'Sullivan}, S.~P. and {Pratley}, L. and {Robishaw}, T. and 
	{Roy}, S. and {Schnitzeler}, D.~H.~F.~M. and {Sotomayor-Beltran}, C. and 
	{Stevens}, J. and {Stil}, J.~M. and {Sunstrum}, C. and {Tanna}, A. and 
	{Taylor}, A.~R. and {Van Eck}, C.~L.},
    title = "{An improved map of the Galactic Faraday sky}",
  journal = {A\& A},
archivePrefix = "arXiv",
   eprint = {1111.6186},
 primaryClass = "astro-ph.GA",
 keywords = {galaxies: magnetic fields, Galaxy: structure, ISM: magnetic fields, radio continuum: ISM, methods: data analysis, techniques: polarimetric},
     year = 2012,
    month = jun,
   volume = 542,
      eid = {A93},
    pages = {A93},
      doi = {10.1051/0004-6361/201118526},
   adsurl = {http://adsabs.harvard.edu/abs/2012A%26A...542A..93O},
  adsnote = {Provided by the SAO/NASA Astrophysics Data System}
}

@ARTICLE{Ewall-Wice.16,
   author = {{Ewall-Wice}, A. and {Bradley}, R. and {Deboer}, D. and {Hewitt}, J. and 
	{Parsons}, A. and {Aguirre}, J. and {Ali}, Z.~S. and {Bowman}, J. and 
	{Cheng}, C. and {Neben}, A.~R. and {Patra}, N. and {Thyagarajan}, N. and 
	{Venter}, M. and {de Lera Acedo}, E. and {Dillon}, J.~S. and 
	{Dickenson}, R. and {Doolittle}, P. and {Egan}, D. and {Hedrick}, M. and 
	{Klima}, P. and {Kohn}, S. and {Schaffner}, P. and {Shelton}, J. and 
	{Saliwanchik}, B. and {Taylor}, H.~A. and {Taylor}, R. and {Tegmark}, M. and 
	{Wirt}, B.},
    title = "{The Hydrogen Epoch of Reionization Array Dish. II. Characterization of Spectral Structure with Electromagnetic Simulations and Its Science Implications.}",
  journal = {ApJ},
archivePrefix = "arXiv",
   eprint = {1602.06277},
 keywords = {dark ages, reionization, first stars, instrumentation: interferometers, radio lines: general},
     year = 2016,
    month = nov,
   volume = 831,
      eid = {196},
    pages = {196},
      doi = {10.3847/0004-637X/831/2/196},
   adsurl = {http://adsabs.harvard.edu/abs/2016ApJ...831..196E},
  adsnote = {Provided by the SAO/NASA Astrophysics Data System}
}

@ARTICLE{Teja.16,
   author = {{Venumadhav}, T. and {Chang}, T.-C. and {Dor{\'e}}, O. and {Hirata}, C.~M.
	},
    title = "{A Practical Theorem on Using Interferometry to Measure the Global 21-cm Signal}",
  journal = {\apj},
archivePrefix = "arXiv",
   eprint = {1512.05248},
 primaryClass = "astro-ph.IM",
 keywords = {cosmic background radiation, dark ages, reionization, first stars, instrumentation: interferometers},
     year = 2016,
    month = aug,
   volume = 826,
      eid = {116},
    pages = {116},
      doi = {10.3847/0004-637X/826/2/116},
   adsurl = {http://adsabs.harvard.edu/abs/2016ApJ...826..116V},
  adsnote = {Provided by the SAO/NASA Astrophysics Data System}
}
@ARTICLE{Lenc.17,
   author = {{Lenc}, E. and {Anderson}, C.~S. and {Barry}, N. and {Bowman}, J.~D. and 
	{Cairns}, I.~H. and {Farnes}, J.~S. and {Gaensler}, B.~M. and 
	{Heald}, G. and {Johnston-Hollitt}, M. and {Kaplan}, D.~L. and 
	{Lynch}, C.~R. and {McCauley}, P.~I. and {Mitchell}, D.~A. and 
	{Morgan}, J. and {Morales}, M.~F. and {Murphy}, T. and {Offringa}, A.~R. and 
	{Ord}, S.~M. and {Pindor}, B. and {Riseley}, C. and {Sadler}, E.~M. and 
	{Sobey}, C. and {Sokolowski}, M. and {Sullivan}, I.~S. and {O'Sullivan}, S.~P. and 
	{Sun}, X.~H. and {Tremblay}, S.~E. and {Trott}, C.~M. and {Wayth}, R.~B.
	},
    title = "{The Challenges of Low-Frequency Radio Polarimetry: Lessons from the Murchison Widefield Array}",
  journal = {PASA},
archivePrefix = "arXiv",
   eprint = {1708.05799},
 primaryClass = "astro-ph.IM",
 keywords = {polarization, radio continuum: general, techniques: polarimetric},
     year = 2017,
    month = sep,
   volume = 34,
      eid = {e040},
    pages = {e040},
      doi = {10.1017/pasa.2017.36},
   adsurl = {http://adsabs.harvard.edu/abs/2017PASA...34...40L},
  adsnote = {Provided by the SAO/NASA Astrophysics Data System}
}
@ARTICLE{Planck.16,
   author = {{Planck Collaboration} and {Ade}, P.~A.~R. and {Aghanim}, N. and 
	{Arnaud}, M. and {Ashdown}, M. and {Aumont}, J. and {Baccigalupi}, C. and 
	{Banday}, A.~J. and {Barreiro}, R.~B. and {Bartlett}, J.~G. and et al.},
    title = "{Planck 2015 results. XIII. Cosmological parameters}",
  journal = {A\& A},
archivePrefix = "arXiv",
   eprint = {1502.01589},
 keywords = {cosmology: observations, cosmology: theory, cosmic background radiation, cosmological parameters},
     year = 2016,
    month = sep,
   volume = 594,
      eid = {A13},
    pages = {A13},
      doi = {10.1051/0004-6361/201525830},
   adsurl = {http://adsabs.harvard.edu/abs/2016A%26A...594A..13P},
  adsnote = {Provided by the SAO/NASA Astrophysics Data System}
}

@ARTICLE{Hamaker.96,
   author = {{Hamaker}, J.~P. and {Bregman}, J.~D.},
    title = "{Understanding radio polarimetry. III. Interpreting the IAU/IEEE definitions of the Stokes parameters.}",
  journal = {A\& AS},
 keywords = {METHODS: ANALYTICAL, METHODS: DATA ANALYSIS, TECHNIQUES: INTERFEROMETERS, TECHNIQUES: POLARIMETERS, POLARIZATION},
     year = 1996,
    month = may,
   volume = 117,
    pages = {161-165},
   adsurl = {http://adsabs.harvard.edu/abs/1996A%26AS..117..161H},
  adsnote = {Provided by the SAO/NASA Astrophysics Data System}
}
@ARTICLE{astropy13,
   author = {{Astropy Collaboration} and {Robitaille}, T.~P. and {Tollerud}, E.~J. and 
	{Greenfield}, P. and {Droettboom}, M. and {Bray}, E. and {Aldcroft}, T. and 
	{Davis}, M. and {Ginsburg}, A. and {Price-Whelan}, A.~M. and 
	{Kerzendorf}, W.~E. and {Conley}, A. and {Crighton}, N. and 
	{Barbary}, K. and {Muna}, D. and {Ferguson}, H. and {Grollier}, F. and 
	{Parikh}, M.~M. and {Nair}, P.~H. and {Unther}, H.~M. and {Deil}, C. and 
	{Woillez}, J. and {Conseil}, S. and {Kramer}, R. and {Turner}, J.~E.~H. and 
	{Singer}, L. and {Fox}, R. and {Weaver}, B.~A. and {Zabalza}, V. and 
	{Edwards}, Z.~I. and {Azalee Bostroem}, K. and {Burke}, D.~J. and 
	{Casey}, A.~R. and {Crawford}, S.~M. and {Dencheva}, N. and 
	{Ely}, J. and {Jenness}, T. and {Labrie}, K. and {Lim}, P.~L. and 
	{Pierfederici}, F. and {Pontzen}, A. and {Ptak}, A. and {Refsdal}, B. and 
	{Servillat}, M. and {Streicher}, O.},
    title = "{Astropy: A community Python package for astronomy}",
  journal = {A\& A},
archivePrefix = "arXiv",
   eprint = {1307.6212},
 primaryClass = "astro-ph.IM",
 keywords = {methods: data analysis, methods: miscellaneous, virtual observatory tools},
     year = 2013,
    month = oct,
   volume = 558,
      eid = {A33},
    pages = {A33},
      doi = {10.1051/0004-6361/201322068},
   adsurl = {http://adsabs.harvard.edu/abs/2013A%26A...558A..33A},
  adsnote = {Provided by the SAO/NASA Astrophysics Data System}
}
@techreport{KohnRFI,
  title={HERA-19 commissioning: radio frequency interference},
  author={Kohn, Saul A},
  year={2016},
  institution={Technical Report \#19, University of Pennsylvania}
}

@ARTICLE{Neben.16,
   author = {{Neben}, A.~R. and {Bradley}, R.~F. and {Hewitt}, J.~N. and 
	{DeBoer}, D.~R. and {Parsons}, A.~R. and {Aguirre}, J.~E. and 
	{Ali}, Z.~S. and {Cheng}, C. and {Ewall-Wice}, A. and {Patra}, N. and 
	{Thyagarajan}, N. and {Bowman}, J. and {Dickenson}, R. and {Dillon}, J.~S. and 
	{Doolittle}, P. and {Egan}, D. and {Hedrick}, M. and {Jacobs}, D.~C. and 
	{Kohn}, S.~A. and {Klima}, P.~J. and {Moodley}, K. and {Saliwanchik}, B.~R.~B. and 
	{Schaffner}, P. and {Shelton}, J. and {Taylor}, H.~A. and {Taylor}, R. and 
	{Tegmark}, M. and {Wirt}, B. and {Zheng}, H.},
    title = "{The Hydrogen Epoch of Reionization Array Dish. I. Beam Pattern Measurements and Science Implications}",
  journal = {ApJ},
archivePrefix = "arXiv",
   eprint = {1602.03887},
 primaryClass = "astro-ph.IM",
 keywords = {cosmology: observations, dark ages, reionization, first stars, instrumentation: interferometers},
     year = 2016,
    month = aug,
   volume = 826,
      eid = {199},
    pages = {199},
      doi = {10.3847/0004-637X/826/2/199},
   adsurl = {http://adsabs.harvard.edu/abs/2016ApJ...826..199N},
  adsnote = {Provided by the SAO/NASA Astrophysics Data System}
}

@MISC{pygsm,
   author = {{Price}, D.~C.},
    title = "{PyGSM: Python interface to the Global Sky Model}",
 keywords = {Software},
howpublished = {Astrophysics Source Code Library},
     year = 2016,
    month = mar,
archivePrefix = "ascl",
   eprint = {1603.013},
   adsurl = {http://adsabs.harvard.edu/abs/2016ascl.soft03013D},
  adsnote = {Provided by the SAO/NASA Astrophysics Data System}
}

@ARTICLE{GSM.17,
   author = {{Zheng}, H. and {Tegmark}, M. and {Dillon}, J.~S. and {Kim}, D.~A. and 
	{Liu}, A. and {Neben}, A.~R. and {Jonas}, J. and {Reich}, P. and 
	{Reich}, W.},
    title = "{An improved model of diffuse galactic radio emission from 10 MHz to 5 THz}",
  journal = {\mnras},
archivePrefix = "arXiv",
   eprint = {1605.04920},
 keywords = {radiation mechanisms: general, methods: data analysis, techniques: interferometric, cosmic background radiation, radio continuum: general, radio lines: general},
     year = 2017,
    month = jan,
   volume = 464,
    pages = {3486-3497},
      doi = {10.1093/mnras/stw2525},
   adsurl = {http://adsabs.harvard.edu/abs/2017MNRAS.464.3486Z},
  adsnote = {Provided by the SAO/NASA Astrophysics Data System}
}
@ARTICLE{GSM.08,
   author = {{de Oliveira-Costa}, A. and {Tegmark}, M. and {Gaensler}, B.~M. and 
	{Jonas}, J. and {Landecker}, T.~L. and {Reich}, P.},
    title = "{A model of diffuse Galactic radio emission from 10 MHz to 100 GHz}",
  journal = {MNRAS},
archivePrefix = "arXiv",
   eprint = {0802.1525},
 keywords = {methods: data analysis , astronomical data bases: miscellaneous , ISM: structure , diffuse radiation , radio continuum: ISM},
     year = 2008,
    month = jul,
   volume = 388,
    pages = {247-260},
      doi = {10.1111/j.1365-2966.2008.13376.x},
   adsurl = {http://adsabs.harvard.edu/abs/2008MNRAS.388..247D},
  adsnote = {Provided by the SAO/NASA Astrophysics Data System}
}

@ARTICLE{Farnes.14,
   author = {{Farnes}, J.~S. and {Gaensler}, B.~M. and {Carretti}, E.},
    title = "{A Broadband Polarization Catalog of Extragalactic Radio Sources}",
  journal = {ApJS},
archivePrefix = "arXiv",
   eprint = {1403.2391},
 keywords = {astronomical databases: miscellaneous, catalogs, magnetic fields, polarization, surveys},
     year = 2014,
    month = may,
   volume = 212,
      eid = {15},
    pages = {15},
      doi = {10.1088/0067-0049/212/1/15},
   adsurl = {http://adsabs.harvard.edu/abs/2014ApJS..212...15F},
  adsnote = {Provided by the SAO/NASA Astrophysics Data System}
}
@ARTICLE{Asad.16,
   author = {{Asad}, K.~M.~B. and {Koopmans}, L.~V.~E. and {Jeli{\'c}}, V. and 
	{Ghosh}, A. and {Abdalla}, F.~B. and {Brentjens}, M.~A. and 
	{de Bruyn}, A.~G. and {Ciardi}, B. and {Gehlot}, B.~K. and {Iliev}, I.~T. and 
	{Mevius}, M. and {Pandey}, V.~N. and {Yatawatta}, S. and {Zaroubi}, S.
	},
    title = "{Polarization leakage in epoch of reionization windows - II. Primary beam model and direction-dependent calibration}",
  journal = {MNRAS},
archivePrefix = "arXiv",
   eprint = {1604.04534},
 primaryClass = "astro-ph.IM",
 keywords = {polarization, instrumentation: interferometers, techniques: interferometric, techniques: polarimetric, telescopes, dark ages, reionization, first stars},
     year = 2016,
    month = nov,
   volume = 462,
    pages = {4482-4494},
      doi = {10.1093/mnras/stw1863},
   adsurl = {http://adsabs.harvard.edu/abs/2016MNRAS.462.4482A},
  adsnote = {Provided by the SAO/NASA Astrophysics Data System}
}

@ARTICLE{Asad18,
   author = {{Asad}, K.~M.~B. and {Koopmans}, L.~V.~E. and {Jeli{\'c}}, V. and 
	{de Bruyn}, A.~G. and {Pandey}, V.~N. and {Gehlot}, B.~K.},
    title = "{Polarization leakage in epoch of reionization windows - III. Wide-field effects of narrow-field arrays}",
  journal = {\mnras},
archivePrefix = "arXiv",
   eprint = {1706.00875},
 primaryClass = "astro-ph.IM",
 keywords = {polarization, instrumentation: interferometers, techniques: interferometric, techniques: polarimetric, dark ages, reionization, first stars, cosmology: observations},
     year = 2018,
    month = may,
   volume = 476,
    pages = {3051-3062},
      doi = {10.1093/mnras/sty258},
   adsurl = {http://adsabs.harvard.edu/abs/2018MNRAS.476.3051A},
  adsnote = {Provided by the SAO/NASA Astrophysics Data System}
}



@ARTICLE{Fagnoni.16,
   author = {{Fagnoni}, N. and {de Lera Acedo}, E.},
    title = "{The Hydrogen Epoch of Reionization Array (HERA). Improvement of the antenna response with a matching network and scientific impacts}",
  journal = {ArXiv e-prints},
archivePrefix = "arXiv",
   eprint = {1606.08701},
 primaryClass = "astro-ph.IM",
 keywords = {Astrophysics - Instrumentation and Methods for Astrophysics},
     year = 2016,
    month = jun,
   adsurl = {http://adsabs.harvard.edu/abs/2016arXiv160608701F},
  adsnote = {Provided by the SAO/NASA Astrophysics Data System}
}
@Article{Carozzi.09,
author = {Carozzi, T.~D. and Woan, G.},
title = {A generalized measurement equation and van Cittert-Zernike theorem for wide-field radio astronomical interferometry},
journal = {MNRAS},
year = {2009},
volume = {395},
OPTpages = {1558-1568}
}

@ARTICLE{Nunhokee.17,
   author = {{Nunhokee}, C.~D. and {Bernardi}, G. and {Kohn}, S.~A. and {Aguirre}, J.~E. and 
	{Thyagarajan}, N. and {Dillon}, J.~S. and {Foster}, G. and {Grobler}, T.~L. and 
	{Martinot}, J.~Z.~E. and {Parsons}, A.~R.},
    title = "{Constraining Polarized Foregrounds for EoR Experiments. II. Polarization Leakage Simulations in the Avoidance Scheme}",
  journal = {ApJ},
archivePrefix = "arXiv",
   eprint = {1707.04109},
 keywords = {cosmology: observations, dark ages, reionization, first stars, polarization, techniques: interferometric},
     year = 2017,
    month = oct,
   volume = 848,
      eid = {47},
    pages = {47},
      doi = {10.3847/1538-4357/aa8b73},
   adsurl = {http://adsabs.harvard.edu/abs/2017ApJ...848...47N},
  adsnote = {Provided by the SAO/NASA Astrophysics Data System}
}


@ARTICLE{Geil.11,
   author = {{Geil}, P.~M. and {Gaensler}, B.~M. and {Wyithe}, J.~S.~B.},
    title = "{Polarized foreground removal at low radio frequencies using rotation measure synthesis: uncovering the signature of hydrogen reionization}",
  journal = {MNRAS},
archivePrefix = "arXiv",
   eprint = {1011.2321},
 keywords = {instrumentation: interferometers, techniques: polarimetric, cosmology: observations, cosmology: theory, diffuse radiation, radio continuum: general},
     year = 2011,
    month = nov,
   volume = 418,
    pages = {516-535},
      doi = {10.1111/j.1365-2966.2011.19509.x},
   adsurl = {http://adsabs.harvard.edu/abs/2011MNRAS.418..516G},
  adsnote = {Provided by the SAO/NASA Astrophysics Data System}
}


@ARTICLE{Smirnov.11.1,
   author = {{Smirnov}, O.~M.},
    title = "{Revisiting the radio interferometer measurement equation. I. A full-sky Jones formalism}",
  journal = {A\& A},
archivePrefix = "arXiv",
   eprint = {1101.1764},
 primaryClass = "astro-ph.IM",
 keywords = {methods: numerical, methods: analytical, methods: data analysis, techniques: interferometric, techniques: polarimetric},
     year = 2011,
    month = mar,
   volume = 527,
      eid = {A106},
    pages = {A106},
      doi = {10.1051/0004-6361/201016082},
   adsurl = {http://adsabs.harvard.edu/abs/2011A%26A...527A.106S},
  adsnote = {Provided by the SAO/NASA Astrophysics Data System}
}

@ARTICLE{Smirnov.11.2,
   author = {{Smirnov}, O.~M.},
    title = "{Revisiting the radio interferometer measurement equation. II. Calibration and direction-dependent effects}",
  journal = {A\& A},
archivePrefix = "arXiv",
   eprint = {1101.1765},
 primaryClass = "astro-ph.IM",
 keywords = {methods: analytical, methods: numerical, methods: data analysis, techniques: polarimetric, techniques: interferometric},
     year = 2011,
    month = mar,
   volume = 527,
      eid = {A107},
    pages = {A107},
      doi = {10.1051/0004-6361/201116434},
   adsurl = {http://adsabs.harvard.edu/abs/2011A%26A...527A.107S},
  adsnote = {Provided by the SAO/NASA Astrophysics Data System}
}


@ARTICLE{Haslam81,
   author = {{Haslam}, C.~G.~T. and {Klein}, U. and {Salter}, C.~J. and {Stoffel}, H. and 
	{Wilson}, W.~E. and {Cleary}, M.~N. and {Cooke}, D.~J. and {Thomasson}, P.
	},
    title = "{A 408 MHz all-sky continuum survey. I - Observations at southern declinations and for the North Polar region}",
  journal = {A\& A},
 keywords = {All Sky Photography, Continuous Spectra, Galactic Structure, Radio Astronomy, Astronomical Maps, Calibrating, Data Reduction, Northern Hemisphere, Very High Frequencies},
     year = 1981,
    month = jul,
   volume = 100,
    pages = {209-219},
   adsurl = {http://adsabs.harvard.edu/abs/1981A%26A...100..209H},
  adsnote = {Provided by the SAO/NASA Astrophysics Data System}
}

@ARTICLE{Haslam82,
   author = {{Haslam}, C.~G.~T. and {Salter}, C.~J. and {Stoffel}, H. and 
	{Wilson}, W.~E.},
    title = "{A 408 MHz all-sky continuum survey. II - The atlas of contour maps}",
  journal = {A\& ASS},
 keywords = {Astronomical Maps, Radio Astronomy, Ultrahigh Frequencies, Galactic Structure, Radio Telescopes, Relief Maps},
     year = 1982,
    month = jan,
   volume = 47,
    pages = {1},
   adsurl = {http://adsabs.harvard.edu/abs/1982A%26AS...47....1H},
  adsnote = {Provided by the SAO/NASA Astrophysics Data System}
}

@ARTICLE{Remazeilles15,
   author = {{Remazeilles}, M. and {Dickinson}, C. and {Banday}, A.~J. and 
	{Bigot-Sazy}, M.-A. and {Ghosh}, T.},
    title = "{An improved source-subtracted and destriped 408-MHz all-sky map}",
  journal = {MNRAS},
archivePrefix = "arXiv",
   eprint = {1411.3628},
 primaryClass = "astro-ph.IM",
 keywords = {methods: data analysis, techniques: image processing, diffuse radiation, radio continuum: general},
     year = 2015,
    month = aug,
   volume = 451,
    pages = {4311-4327},
      doi = {10.1093/mnras/stv1274},
   adsurl = {http://adsabs.harvard.edu/abs/2015MNRAS.451.4311R},
  adsnote = {Provided by the SAO/NASA Astrophysics Data System}
}

@InProceedings{casa,
author = {McMullin, J. P. and Waters, B. and Schiebel, D. and Young, W. and Golap, K.},
title = {CASA},
booktitle = {Astronomical Data Analysis Software and Systems XVI},
pages = {127},
year = {2007},
editor = {Shaw, R. A.  and Hill, F. and Bell, D. J.},
series = {376},
address = {San Francisco, CA},
organization = {ASP}
}

@misc{pyuvdata,
  author       = {Bryna Hazelton and
                  Adam Beardsley and
                  Jonathan Pober and
                  Danny Jacobs and
                  Zaki Ali and
                  Adam Lanman},
  title        = {HERA-Team/pyuvdata: Version 1.1},
  month        = apr,
  year         = 2017,
  doi          = {10.5281/zenodo.546260},
  url          = {https://doi.org/10.5281/zenodo.546260}
}
@ARTICLE{Asad15,
   author = {{Asad}, K.~M.~B. and {Koopmans}, L.~V.~E. and {Jeli{\'c}}, V. and 
	{Pandey}, V.~N. and {Ghosh}, A. and {Abdalla}, F.~B. and {Bernardi}, G. and 
	{Brentjens}, M.~A. and {de Bruyn}, A.~G. and {Bus}, S. and {Ciardi}, B. and 
	{Chapman}, E. and {Daiboo}, S. and {Fernandez}, E.~R. and {Harker}, G. and 
	{Iliev}, I.~T. and {Jensen}, H. and {Martinez-Rubi}, O. and 
	{Mellema}, G. and {Mevius}, M. and {Offringa}, A.~R. and {Patil}, A.~H. and 
	{Schaye}, J. and {Thomas}, R.~M. and {van der Tol}, S. and {Vedantham}, H.~K. and 
	{Yatawatta}, S. and {Zaroubi}, S.},
    title = "{Polarization leakage in epoch of reionization windows - I. Low Frequency Array observations of the 3C196 field}",
  journal = {MNRAS},
archivePrefix = "arXiv",
   eprint = {1503.01644},
 keywords = {polarization, instrumentation: polarimeters, intergalactic medium, cosmo-logy: observations, dark ages, reionization, first stars},
     year = 2015,
    month = aug,
   volume = 451,
    pages = {3709-3727},
      doi = {10.1093/mnras/stv1107},
   adsurl = {http://adsabs.harvard.edu/abs/2015MNRAS.451.3709A},
  adsnote = {Provided by the SAO/NASA Astrophysics Data System}
}

@ARTICLE{DillonParsons16,
   author = {{Dillon}, J.~S. and {Parsons}, A.~R.},
    title = "{Redundant Array Configurations for 21 cm Cosmology}",
  journal = {ApJ},
archivePrefix = "arXiv",
   eprint = {1602.06259},
 primaryClass = "astro-ph.IM",
 keywords = {dark ages, reionization, first stars, instrumentation: interferometers, methods: data analysis, techniques: interferometric},
     year = 2016,
    month = aug,
   volume = 826,
      eid = {181},
    pages = {181},
      doi = {10.3847/0004-637X/826/2/181},
   adsurl = {http://adsabs.harvard.edu/abs/2016ApJ...826..181D},
  adsnote = {Provided by the SAO/NASA Astrophysics Data System}
}

@ARTICLE{Moore13,
   author = {{Moore}, D.~F. and {Aguirre}, J.~E. and {Parsons}, A.~R. and 
	{Jacobs}, D.~C. and {Pober}, J.~C.},
    title = "{The Effects of Polarized Foregrounds on 21 cm Epoch of Reionization Power Spectrum Measurements}",
  journal = {ApJ},
archivePrefix = "arXiv",
   eprint = {1302.0876},
 primaryClass = "astro-ph.CO",
 keywords = {cosmology: observations, instrumentation: interferometers, instrumentation: polarimeters},
     year = 2013,
    month = jun,
   volume = 769,
      eid = {154},
    pages = {154},
      doi = {10.1088/0004-637X/769/2/154},
   adsurl = {http://adsabs.harvard.edu/abs/2013ApJ...769..154M},
  adsnote = {Provided by the SAO/NASA Astrophysics Data System}
}
@ARTICLE{deBoer17,
   author = {{DeBoer}, D.~R. and {Parsons}, A.~R. and {Aguirre}, J.~E. and 
	{Alexander}, P. and {Ali}, Z.~S. and {Beardsley}, A.~P. and 
	{Bernardi}, G. and {Bowman}, J.~D. and {Bradley}, R.~F. and 
	{Carilli}, C.~L. and {Cheng}, C. and {de Lera Acedo}, E. and 
	{Dillon}, J.~S. and {Ewall-Wice}, A. and {Fadana}, G. and {Fagnoni}, N. and 
	{Fritz}, R. and {Furlanetto}, S.~R. and {Glendenning}, B. and 
	{Greig}, B. and {Grobbelaar}, J. and {Hazelton}, B.~J. and {Hewitt}, J.~N. and 
	{Hickish}, J. and {Jacobs}, D.~C. and {Julius}, A. and {Kariseb}, M. and 
	{Kohn}, S.~A. and {Lekalake}, T. and {Liu}, A. and {Loots}, A. and 
	{MacMahon}, D. and {Malan}, L. and {Malgas}, C. and {Maree}, M. and 
	{Martinot}, Z. and {Mathison}, N. and {Matsetela}, E. and {Mesinger}, A. and 
	{Morales}, M.~F. and {Neben}, A.~R. and {Patra}, N. and {Pieterse}, S. and 
	{Pober}, J.~C. and {Razavi-Ghods}, N. and {Ringuette}, J. and 
	{Robnett}, J. and {Rosie}, K. and {Sell}, R. and {Smith}, C. and 
	{Syce}, A. and {Tegmark}, M. and {Thyagarajan}, N. and {Williams}, P.~K.~G. and 
	{Zheng}, H.},
    title = "{Hydrogen Epoch of Reionization Array (HERA)}",
  journal = {PASP},
archivePrefix = "arXiv",
   eprint = {1606.07473},
 primaryClass = "astro-ph.IM",
     year = 2017,
    month = apr,
   volume = 129,
   number = 4,
    pages = {045001},
      doi = {10.1088/1538-3873/129/974/045001},
   adsurl = {http://adsabs.harvard.edu/abs/2017PASP..129d5001D},
  adsnote = {Provided by the SAO/NASA Astrophysics Data System}
}

@book{TMS,
  title={Interferometry and synthesis in radio astronomy},
  author={Thompson, A Richard and Moran, James M and Swenson Jr, George W},
  year={2008},
  publisher={John Wiley \& Sons}
}
@ARTICLE{Bernardi.09,
   author = {{Bernardi}, G. and {de Bruyn}, A.~G. and {Brentjens}, M.~A. and 
	{Ciardi}, B. and {Harker}, G. and {Jeli{\'c}}, V. and {Koopmans}, L.~V.~E. and 
	{Labropoulos}, P. and {Offringa}, A. and {Pandey}, V.~N. and 
	{Schaye}, J. and {Thomas}, R.~M. and {Yatawatta}, S. and {Zaroubi}, S.
	},
    title = "{Foregrounds for observations of the cosmological 21 cm line. I. First Westerbork measurements of Galactic emission at 150 MHz in a low latitude field}",
  journal = {A\& A},
archivePrefix = "arXiv",
   eprint = {0904.0404},
 keywords = {polarization, cosmology: diffuse radiation, cosmology: observations, radio continuum: general, ISM: general, ISM: magnetic fields},
     year = 2009,
    month = jun,
   volume = 500,
    pages = {965-979},
      doi = {10.1051/0004-6361/200911627},
   adsurl = {http://adsabs.harvard.edu/abs/2009A%26A...500..965B},
  adsnote = {Provided by the SAO/NASA Astrophysics Data System}
}
@ARTICLE{Jelic.10,
   author = {{Jeli{\'c}}, V. and {Zaroubi}, S. and {Labropoulos}, P. and 
	{Bernardi}, G. and {de Bruyn}, A.~G. and {Koopmans}, L.~V.~E.
	},
    title = "{Realistic simulations of the Galactic polarized foreground: consequences for 21-cm reionization detection experiments}",
  journal = {MNRAS},
archivePrefix = "arXiv",
   eprint = {1007.4135},
 keywords = {polarization, radiation mechanisms: non-thermal, instrumentation: interferometers, cosmology: observations, radio continuum: general},
     year = 2010,
    month = dec,
   volume = 409,
    pages = {1647-1659},
      doi = {10.1111/j.1365-2966.2010.17407.x},
   adsurl = {http://adsabs.harvard.edu/abs/2010MNRAS.409.1647J},
  adsnote = {Provided by the SAO/NASA Astrophysics Data System}
}
@ARTICLE{Bernardi.10,
   author = {{Bernardi}, G. and {de Bruyn}, A.~G. and {Harker}, G. and {Brentjens}, M.~A. and 
	{Ciardi}, B. and {Jeli{\'c}}, V. and {Koopmans}, L.~V.~E. and 
	{Labropoulos}, P. and {Offringa}, A. and {Pandey}, V.~N. and 
	{Schaye}, J. and {Thomas}, R.~M. and {Yatawatta}, S. and {Zaroubi}, S.
	},
    title = "{Foregrounds for observations of the cosmological 21 cm line. II. Westerbork observations of the fields around 3C 196 and the North Celestial Pole}",
  journal = {A\& A},
archivePrefix = "arXiv",
   eprint = {1002.4177},
 keywords = {polarization, diffuse radiation, cosmology: observations, ISM: general},
     year = 2010,
    month = nov,
   volume = 522,
      eid = {A67},
    pages = {A67},
      doi = {10.1051/0004-6361/200913420},
   adsurl = {http://adsabs.harvard.edu/abs/2010A%26A...522A..67B},
  adsnote = {Provided by the SAO/NASA Astrophysics Data System}
}
@ARTICLE{Jelic.14,
   author = {{Jeli{\'c}}, V. and {de Bruyn}, A.~G. and {Mevius}, M. and {Abdalla}, F.~B. and 
	{Asad}, K.~M.~B. and {Bernardi}, G. and {Brentjens}, M.~A. and 
	{Bus}, S. and {Chapman}, E. and {Ciardi}, B. and {Daiboo}, S. and 
	{Fernandez}, E.~R. and {Ghosh}, A. and {Harker}, G. and {Jensen}, H. and 
	{Kazemi}, S. and {Koopmans}, L.~V.~E. and {Labropoulos}, P. and 
	{Martinez-Rubi}, O. and {Mellema}, G. and {Offringa}, A.~R. and 
	{Pandey}, V.~N. and {Patil}, A.~H. and {Thomas}, R.~M. and {Vedantham}, H.~K. and 
	{Veligatla}, V. and {Yatawatta}, S. and {Zaroubi}, S. and {Alexov}, A. and 
	{Anderson}, J. and {Avruch}, I.~M. and {Beck}, R. and {Bell}, M.~E. and 
	{Bentum}, M.~J. and {Best}, P. and {Bonafede}, A. and {Bregman}, J. and 
	{Breitling}, F. and {Broderick}, J. and {Brouw}, W.~N. and {Br{\"u}ggen}, M. and 
	{Butcher}, H.~R. and {Conway}, J.~E. and {de Gasperin}, F. and 
	{de Geus}, E. and {Deller}, A. and {Dettmar}, R.-J. and {Duscha}, S. and 
	{Eisl{\"o}ffel}, J. and {Engels}, D. and {Falcke}, H. and {Fallows}, R.~A. and 
	{Fender}, R. and {Ferrari}, C. and {Frieswijk}, W. and {Garrett}, M.~A. and 
	{Grie{\ss}meier}, J. and {Gunst}, A.~W. and {Hamaker}, J.~P. and 
	{Hassall}, T.~E. and {Haverkorn}, M. and {Heald}, G. and {Hessels}, J.~W.~T. and 
	{Hoeft}, M. and {H{\"o}randel}, J. and {Horneffer}, A. and {van der Horst}, A. and 
	{Iacobelli}, M. and {Juette}, E. and {Karastergiou}, A. and 
	{Kondratiev}, V.~I. and {Kramer}, M. and {Kuniyoshi}, M. and 
	{Kuper}, G. and {van Leeuwen}, J. and {Maat}, P. and {Mann}, G. and 
	{McKay-Bukowski}, D. and {McKean}, J.~P. and {Munk}, H. and 
	{Nelles}, A. and {Norden}, M.~J. and {Paas}, H. and {Pandey-Pommier}, M. and 
	{Pietka}, G. and {Pizzo}, R. and {Polatidis}, A.~G. and {Reich}, W. and 
	{R{\"o}ttgering}, H. and {Rowlinson}, A. and {Scaife}, A.~M.~M. and 
	{Schwarz}, D. and {Serylak}, M. and {Smirnov}, O. and {Steinmetz}, M. and 
	{Stewart}, A. and {Tagger}, M. and {Tang}, Y. and {Tasse}, C. and 
	{ter Veen}, S. and {Thoudam}, S. and {Toribio}, C. and {Vermeulen}, R. and 
	{Vocks}, C. and {van Weeren}, R.~J. and {Wijers}, R.~A.~M.~J. and 
	{Wijnholds}, S.~J. and {Wucknitz}, O. and {Zarka}, P.},
    title = "{Initial LOFAR observations of epoch of reionization windows. II. Diffuse polarized emission in the ELAIS-N1 field}",
  journal = {A\& A},
archivePrefix = "arXiv",
   eprint = {1407.2093},
 keywords = {radio continuum: ISM, techniques: interferometric, techniques: polarimetric, cosmology: observations, diffuse radiation, dark ages, reionization, first stars},
     year = 2014,
    month = aug,
   volume = 568,
      eid = {A101},
    pages = {A101},
      doi = {10.1051/0004-6361/201423998},
   adsurl = {http://adsabs.harvard.edu/abs/2014A%26A...568A.101J},
  adsnote = {Provided by the SAO/NASA Astrophysics Data System}
}
@ARTICLE{Jelic.15,
   author = {{Jeli{\'c}}, V. and {de Bruyn}, A.~G. and {Pandey}, V.~N. and 
	{Mevius}, M. and {Haverkorn}, M. and {Brentjens}, M.~A. and 
	{Koopmans}, L.~V.~E. and {Zaroubi}, S. and {Abdalla}, F.~B. and 
	{Asad}, K.~M.~B. and {Bus}, S. and {Chapman}, E. and {Ciardi}, B. and 
	{Fernandez}, E.~R. and {Ghosh}, A. and {Harker}, G. and {Iliev}, I.~T. and 
	{Jensen}, H. and {Kazemi}, S. and {Mellema}, G. and {Offringa}, A.~R. and 
	{Patil}, A.~H. and {Vedantham}, H.~K. and {Yatawatta}, S.},
    title = "{Linear polarization structures in LOFAR observations of the interstellar medium in the 3C 196 field}",
  journal = {A\& A},
archivePrefix = "arXiv",
   eprint = {1508.06650},
 keywords = {ISM: general, ISM: magnetic fields, ISM: structure, radio continuum: ISM, techniques: interferometric, techniques: polarimetric},
     year = 2015,
    month = nov,
   volume = 583,
      eid = {A137},
    pages = {A137},
      doi = {10.1051/0004-6361/201526638},
   adsurl = {http://adsabs.harvard.edu/abs/2015A%26A...583A.137J},
  adsnote = {Provided by the SAO/NASA Astrophysics Data System}
}
@ARTICLE{Bernardi.13,
   author = {{Bernardi}, G. and {Greenhill}, L.~J. and {Mitchell}, D.~A. and 
	{Ord}, S.~M. and {Hazelton}, B.~J. and {Gaensler}, B.~M. and 
	{de Oliveira-Costa}, A. and {Morales}, M.~F. and {Udaya Shankar}, N. and 
	{Subrahmanyan}, R. and {Wayth}, R.~B. and {Lenc}, E. and {Williams}, C.~L. and 
	{Arcus}, W. and {Arora}, B.~S. and {Barnes}, D.~G. and {Bowman}, J.~D. and 
	{Briggs}, F.~H. and {Bunton}, J.~D. and {Cappallo}, R.~J. and 
	{Corey}, B.~E. and {Deshpande}, A. and {deSouza}, L. and {Emrich}, D. and 
	{Goeke}, R. and {Herne}, D. and {Hewitt}, J.~N. and {Johnston-Hollitt}, M. and 
	{Kaplan}, D. and {Kasper}, J.~C. and {Kincaid}, B.~B. and {Koenig}, R. and 
	{Kratzenberg}, E. and {Lonsdale}, C.~J. and {Lynch}, M.~J. and 
	{McWhirter}, S.~R. and {Morgan}, E. and {Oberoi}, D. and {Pathikulangara}, J. and 
	{Prabu}, T. and {Remillard}, R.~A. and {Rogers}, A.~E.~E. and 
	{Roshi}, A. and {Salah}, J.~E. and {Sault}, R.~J. and {Srivani}, K.~S. and 
	{Stevens}, J. and {Tingay}, S.~J. and {Waterson}, M. and {Webster}, R.~L. and 
	{Whitney}, A.~R. and {Williams}, A. and {Wyithe}, J.~S.~B.},
    title = "{A 189 MHz, 2400 deg$^{2}$ Polarization Survey with the Murchison Widefield Array 32-element Prototype}",
  journal = {ApJ},
archivePrefix = "arXiv",
   eprint = {1305.6047},
 keywords = {diffuse radiation, ISM: magnetic fields, polarization, radio continuum: general, surveys, techniques: interferometric},
     year = 2013,
    month = jul,
   volume = 771,
      eid = {105},
    pages = {105},
      doi = {10.1088/0004-637X/771/2/105},
   adsurl = {http://adsabs.harvard.edu/abs/2013ApJ...771..105B},
  adsnote = {Provided by the SAO/NASA Astrophysics Data System}
}
@ARTICLE{Dillon.15b,
   author = {{Dillon}, J.~S. and {Neben}, A.~R. and {Hewitt}, J.~N. and {Tegmark}, M. and 
	{Barry}, N. and {Beardsley}, A.~P. and {Bowman}, J.~D. and {Briggs}, F. and 
	{Carroll}, P. and {de Oliveira-Costa}, A. and {Ewall-Wice}, A. and 
	{Feng}, L. and {Greenhill}, L.~J. and {Hazelton}, B.~J. and 
	{Hernquist}, L. and {Hurley-Walker}, N. and {Jacobs}, D.~C. and 
	{Kim}, H.~S. and {Kittiwisit}, P. and {Lenc}, E. and {Line}, J. and 
	{Loeb}, A. and {McKinley}, B. and {Mitchell}, D.~A. and {Morales}, M.~F. and 
	{Offringa}, A.~R. and {Paul}, S. and {Pindor}, B. and {Pober}, J.~C. and 
	{Procopio}, P. and {Riding}, J. and {Sethi}, S. and {Shankar}, N.~U. and 
	{Subrahmanyan}, R. and {Sullivan}, I. and {Thyagarajan}, N. and 
	{Tingay}, S.~J. and {Trott}, C. and {Wayth}, R.~B. and {Webster}, R.~L. and 
	{Wyithe}, S. and {Bernardi}, G. and {Cappallo}, R.~J. and {Deshpande}, A.~A. and 
	{Johnston-Hollitt}, M. and {Kaplan}, D.~L. and {Lonsdale}, C.~J. and 
	{McWhirter}, S.~R. and {Morgan}, E. and {Oberoi}, D. and {Ord}, S.~M. and 
	{Prabu}, T. and {Srivani}, K.~S. and {Williams}, A. and {Williams}, C.~L.
	},
    title = "{Empirical covariance modeling for 21 cm power spectrum estimation: A method demonstration and new limits from early Murchison Widefield Array 128-tile data}",
  journal = {PhRvD},
archivePrefix = "arXiv",
   eprint = {1506.01026},
 keywords = {Observation and data reduction techniques, computer modeling and simulation, Interferometry, Cosmology, Observational cosmology},
     year = 2015,
    month = jun,
   volume = 91,
   number = 12,
      eid = {123011},
    pages = {123011},
      doi = {10.1103/PhysRevD.91.123011},
   adsurl = {http://adsabs.harvard.edu/abs/2015PhRvD..91l3011D},
  adsnote = {Provided by the SAO/NASA Astrophysics Data System}
}

@ARTICLE{Dillon.15a,
   author = {{Dillon}, J.~S. and {Tegmark}, M. and {Liu}, A. and {Ewall-Wice}, A. and 
	{Hewitt}, J.~N. and {Morales}, M.~F. and {Neben}, A.~R. and 
	{Parsons}, A.~R. and {Zheng}, H.},
    title = "{Mapmaking for precision 21 cm cosmology}",
  journal = {PhRvD},
archivePrefix = "arXiv",
   eprint = {1410.0963},
 keywords = {Observation and data reduction techniques, computer modeling and simulation, Interferometry, Intergalactic matter, quasar absorption and emission-line systems, Lyman forest, Observational cosmology},
     year = 2015,
    month = jan,
   volume = 91,
   number = 2,
      eid = {023002},
    pages = {023002},
      doi = {10.1103/PhysRevD.91.023002},
   adsurl = {http://adsabs.harvard.edu/abs/2015PhRvD..91b3002D},
  adsnote = {Provided by the SAO/NASA Astrophysics Data System}
}
@ARTICLE{Liu.14b,
   author = {{Liu}, A. and {Parsons}, A.~R. and {Trott}, C.~M.},
    title = "{Epoch of reionization window. II. Statistical methods for foreground wedge reduction}",
  journal = {PhRvD},
archivePrefix = "arXiv",
   eprint = {1404.4372},
 keywords = {Observation and data reduction techniques, computer modeling and simulation, Mathematical procedures and computer techniques, Cosmology, Observational cosmology},
     year = 2014,
    month = jul,
   volume = 90,
   number = 2,
      eid = {023019},
    pages = {023019},
      doi = {10.1103/PhysRevD.90.023019},
   adsurl = {http://adsabs.harvard.edu/abs/2014PhRvD..90b3019L},
  adsnote = {Provided by the SAO/NASA Astrophysics Data System}
}

@ARTICLE{Liu.14a,
   author = {{Liu}, A. and {Parsons}, A.~R. and {Trott}, C.~M.},
    title = "{Epoch of reionization window. I. Mathematical formalism}",
  journal = {PhRvD},
archivePrefix = "arXiv",
   eprint = {1404.2596},
 keywords = {Observation and data reduction techniques, computer modeling and simulation, Mathematical procedures and computer techniques, Cosmology, Observational cosmology},
     year = 2014,
    month = jul,
   volume = 90,
   number = 2,
      eid = {023018},
    pages = {023018},
      doi = {10.1103/PhysRevD.90.023018},
   adsurl = {http://adsabs.harvard.edu/abs/2014PhRvD..90b3018L},
  adsnote = {Provided by the SAO/NASA Astrophysics Data System}
}
@ARTICLE{Jacobs.11,
   author = {{Jacobs}, D.~C. and {Aguirre}, J.~E. and {Parsons}, A.~R. and 
	{Pober}, J.~C. and {Bradley}, R.~F. and {Carilli}, C.~L. and 
	{Gugliucci}, N.~E. and {Manley}, J.~R. and {van der Merwe}, C. and 
	{Moore}, D.~F. and {Parashare}, C.~R.},
    title = "{New 145 MHz Source Measurements by PAPER in the Southern Sky}",
  journal = {ApJL},
archivePrefix = "arXiv",
   eprint = {1105.1367},
 primaryClass = "astro-ph.CO",
 keywords = {catalogs, dark ages, reionization, first stars, instrumentation: interferometers},
     year = 2011,
    month = jun,
   volume = 734,
      eid = {L34},
    pages = {L34},
      doi = {10.1088/2041-8205/734/2/L34},
   adsurl = {http://adsabs.harvard.edu/abs/2011ApJ...734L..34J},
  adsnote = {Provided by the SAO/NASA Astrophysics Data System}
}

@ARTICLE{Parsons.12a,
   author = {{Parsons}, A.~R. and {Pober}, J.~C. and {Aguirre}, J.~E. and 
	{Carilli}, C.~L. and {Jacobs}, D.~C. and {Moore}, D.~F.},
    title = "{A Per-baseline, Delay-spectrum Technique for Accessing the 21 cm Cosmic Reionization Signature}",
  journal = {ApJ},
archivePrefix = "arXiv",
   eprint = {1204.4749},
 primaryClass = "astro-ph.IM",
 keywords = {cosmology: observations, instrumentation: interferometers, radio continuum: general, site testing, techniques: interferometric, telescopes},
     year = 2012,
    month = sep,
   volume = 756,
      eid = {165},
    pages = {165},
      doi = {10.1088/0004-637X/756/2/165},
   adsurl = {http://adsabs.harvard.edu/abs/2012ApJ...756..165P},
  adsnote = {Provided by the SAO/NASA Astrophysics Data System}
}

@ARTICLE{Parsons.12b,
   author = {{Parsons}, A. and {Pober}, J. and {McQuinn}, M. and {Jacobs}, D. and 
	{Aguirre}, J.},
    title = "{A Sensitivity and Array-configuration Study for Measuring the Power Spectrum of 21 cm Emission from Reionization}",
  journal = {ApJ},
archivePrefix = "arXiv",
   eprint = {1103.2135},
 primaryClass = "astro-ph.IM",
 keywords = {cosmology: observations, instrumentation: interferometers, methods: observational, techniques: interferometric, telescopes},
     year = 2012,
    month = jul,
   volume = 753,
      eid = {81},
    pages = {81},
      doi = {10.1088/0004-637X/753/1/81},
   adsurl = {http://adsabs.harvard.edu/abs/2012ApJ...753...81P},
  adsnote = {Provided by the SAO/NASA Astrophysics Data System}
}

@ARTICLE{Parsons.10,
   author = {{Parsons}, A.~R. and {Backer}, D.~C. and {Foster}, G.~S. and 
	{Wright}, M.~C.~H. and {Bradley}, R.~F. and {Gugliucci}, N.~E. and 
	{Parashare}, C.~R. and {Benoit}, E.~E. and {Aguirre}, J.~E. and 
	{Jacobs}, D.~C. and {Carilli}, C.~L. and {Herne}, D. and {Lynch}, M.~J. and 
	{Manley}, J.~R. and {Werthimer}, D.~J.},
    title = "{The Precision Array for Probing the Epoch of Re-ionization: Eight Station Results}",
  journal = {AJ},
archivePrefix = "arXiv",
   eprint = {0904.2334},
 primaryClass = "astro-ph.CO",
 keywords = {cosmology: observations, instrumentation: interferometers, radio continuum: general, techniques: interferometric, site testing, telescopes},
     year = 2010,
    month = apr,
   volume = 139,
    pages = {1468-1480},
      doi = {10.1088/0004-6256/139/4/1468},
   adsurl = {http://adsabs.harvard.edu/abs/2010AJ....139.1468P},
  adsnote = {Provided by the SAO/NASA Astrophysics Data System}
}

@ARTICLE{Tingay.13,
   author = {{Tingay}, S.~J. and {Goeke}, R. and {Bowman}, J.~D. and {Emrich}, D. and 
	{Ord}, S.~M. and {Mitchell}, D.~A. and {Morales}, M.~F. and 
	{Booler}, T. and {Crosse}, B. and {Wayth}, R.~B. and {Lonsdale}, C.~J. and 
	{Tremblay}, S. and {Pallot}, D. and {Colegate}, T. and {Wicenec}, A. and 
	{Kudryavtseva}, N. and {Arcus}, W. and {Barnes}, D. and {Bernardi}, G. and 
	{Briggs}, F. and {Burns}, S. and {Bunton}, J.~D. and {Cappallo}, R.~J. and 
	{Corey}, B.~E. and {Deshpande}, A. and {Desouza}, L. and {Gaensler}, B.~M. and 
	{Greenhill}, L.~J. and {Hall}, P.~J. and {Hazelton}, B.~J. and 
	{Herne}, D. and {Hewitt}, J.~N. and {Johnston-Hollitt}, M. and 
	{Kaplan}, D.~L. and {Kasper}, J.~C. and {Kincaid}, B.~B. and 
	{Koenig}, R. and {Kratzenberg}, E. and {Lynch}, M.~J. and {Mckinley}, B. and 
	{Mcwhirter}, S.~R. and {Morgan}, E. and {Oberoi}, D. and {Pathikulangara}, J. and 
	{Prabu}, T. and {Remillard}, R.~A. and {Rogers}, A.~E.~E. and 
	{Roshi}, A. and {Salah}, J.~E. and {Sault}, R.~J. and {Udaya-Shankar}, N. and 
	{Schlagenhaufer}, F. and {Srivani}, K.~S. and {Stevens}, J. and 
	{Subrahmanyan}, R. and {Waterson}, M. and {Webster}, R.~L. and 
	{Whitney}, A.~R. and {Williams}, A. and {Williams}, C.~L. and 
	{Wyithe}, J.~S.~B.},
    title = "{The Murchison Widefield Array: The Square Kilometre Array Precursor at Low Radio Frequencies}",
  journal = {PASA},
archivePrefix = "arXiv",
   eprint = {1206.6945},
 primaryClass = "astro-ph.IM",
 keywords = {instrumentation: interferometers, techniques: image processing, techniques: interferometric, radio continuum: general, radio lines: general, early Universe},
     year = 2013,
    month = jan,
   volume = 30,
      eid = {e007},
    pages = {7},
      doi = {10.1017/pasa.2012.007},
   adsurl = {http://adsabs.harvard.edu/abs/2013PASA...30....7T},
  adsnote = {Provided by the SAO/NASA Astrophysics Data System}
}
@ARTICLE{vanHaarlem.13,
   author = {{van Haarlem}, M.~P. and {Wise}, M.~W. and {Gunst}, A.~W. and 
	{Heald}, G. and {McKean}, J.~P. and {Hessels}, J.~W.~T. and 
	{de Bruyn}, A.~G. and {Nijboer}, R. and {Swinbank}, J. and {Fallows}, R. and 
	{Brentjens}, M. and {Nelles}, A. and {Beck}, R. and {Falcke}, H. and 
	{Fender}, R. and {H{\"o}randel}, J. and {Koopmans}, L.~V.~E. and 
	{Mann}, G. and {Miley}, G. and {R{\"o}ttgering}, H. and {Stappers}, B.~W. and 
	{Wijers}, R.~A.~M.~J. and {Zaroubi}, S. and {van den Akker}, M. and 
	{Alexov}, A. and {Anderson}, J. and {Anderson}, K. and {van Ardenne}, A. and 
	{Arts}, M. and {Asgekar}, A. and {Avruch}, I.~M. and {Batejat}, F. and 
	{B{\"a}hren}, L. and {Bell}, M.~E. and {Bell}, M.~R. and {van Bemmel}, I. and 
	{Bennema}, P. and {Bentum}, M.~J. and {Bernardi}, G. and {Best}, P. and 
	{B{\^i}rzan}, L. and {Bonafede}, A. and {Boonstra}, A.-J. and 
	{Braun}, R. and {Bregman}, J. and {Breitling}, F. and {van de Brink}, R.~H. and 
	{Broderick}, J. and {Broekema}, P.~C. and {Brouw}, W.~N. and 
	{Br{\"u}ggen}, M. and {Butcher}, H.~R. and {van Cappellen}, W. and 
	{Ciardi}, B. and {Coenen}, T. and {Conway}, J. and {Coolen}, A. and 
	{Corstanje}, A. and {Damstra}, S. and {Davies}, O. and {Deller}, A.~T. and 
	{Dettmar}, R.-J. and {van Diepen}, G. and {Dijkstra}, K. and 
	{Donker}, P. and {Doorduin}, A. and {Dromer}, J. and {Drost}, M. and 
	{van Duin}, A. and {Eisl{\"o}ffel}, J. and {van Enst}, J. and 
	{Ferrari}, C. and {Frieswijk}, W. and {Gankema}, H. and {Garrett}, M.~A. and 
	{de Gasperin}, F. and {Gerbers}, M. and {de Geus}, E. and {Grie{\ss}meier}, J.-M. and 
	{Grit}, T. and {Gruppen}, P. and {Hamaker}, J.~P. and {Hassall}, T. and 
	{Hoeft}, M. and {Holties}, H.~A. and {Horneffer}, A. and {van der Horst}, A. and 
	{van Houwelingen}, A. and {Huijgen}, A. and {Iacobelli}, M. and 
	{Intema}, H. and {Jackson}, N. and {Jelic}, V. and {de Jong}, A. and 
	{Juette}, E. and {Kant}, D. and {Karastergiou}, A. and {Koers}, A. and 
	{Kollen}, H. and {Kondratiev}, V.~I. and {Kooistra}, E. and 
	{Koopman}, Y. and {Koster}, A. and {Kuniyoshi}, M. and {Kramer}, M. and 
	{Kuper}, G. and {Lambropoulos}, P. and {Law}, C. and {van Leeuwen}, J. and 
	{Lemaitre}, J. and {Loose}, M. and {Maat}, P. and {Macario}, G. and 
	{Markoff}, S. and {Masters}, J. and {McFadden}, R.~A. and {McKay-Bukowski}, D. and 
	{Meijering}, H. and {Meulman}, H. and {Mevius}, M. and {Middelberg}, E. and 
	{Millenaar}, R. and {Miller-Jones}, J.~C.~A. and {Mohan}, R.~N. and 
	{Mol}, J.~D. and {Morawietz}, J. and {Morganti}, R. and {Mulcahy}, D.~D. and 
	{Mulder}, E. and {Munk}, H. and {Nieuwenhuis}, L. and {van Nieuwpoort}, R. and 
	{Noordam}, J.~E. and {Norden}, M. and {Noutsos}, A. and {Offringa}, A.~R. and 
	{Olofsson}, H. and {Omar}, A. and {Orr{\'u}}, E. and {Overeem}, R. and 
	{Paas}, H. and {Pandey-Pommier}, M. and {Pandey}, V.~N. and 
	{Pizzo}, R. and {Polatidis}, A. and {Rafferty}, D. and {Rawlings}, S. and 
	{Reich}, W. and {de Reijer}, J.-P. and {Reitsma}, J. and {Renting}, G.~A. and 
	{Riemers}, P. and {Rol}, E. and {Romein}, J.~W. and {Roosjen}, J. and 
	{Ruiter}, M. and {Scaife}, A. and {van der Schaaf}, K. and {Scheers}, B. and 
	{Schellart}, P. and {Schoenmakers}, A. and {Schoonderbeek}, G. and 
	{Serylak}, M. and {Shulevski}, A. and {Sluman}, J. and {Smirnov}, O. and 
	{Sobey}, C. and {Spreeuw}, H. and {Steinmetz}, M. and {Sterks}, C.~G.~M. and 
	{Stiepel}, H.-J. and {Stuurwold}, K. and {Tagger}, M. and {Tang}, Y. and 
	{Tasse}, C. and {Thomas}, I. and {Thoudam}, S. and {Toribio}, M.~C. and 
	{van der Tol}, B. and {Usov}, O. and {van Veelen}, M. and {van der Veen}, A.-J. and 
	{ter Veen}, S. and {Verbiest}, J.~P.~W. and {Vermeulen}, R. and 
	{Vermaas}, N. and {Vocks}, C. and {Vogt}, C. and {de Vos}, M. and 
	{van der Wal}, E. and {van Weeren}, R. and {Weggemans}, H. and 
	{Weltevrede}, P. and {White}, S. and {Wijnholds}, S.~J. and 
	{Wilhelmsson}, T. and {Wucknitz}, O. and {Yatawatta}, S. and 
	{Zarka}, P. and {Zensus}, A. and {van Zwieten}, J.},
    title = "{LOFAR: The LOw-Frequency ARray}",
  journal = {A\& A},
archivePrefix = "arXiv",
   eprint = {1305.3550},
 primaryClass = "astro-ph.IM",
 keywords = {instrumentation: interferometers, radio continuum: general, radio lines: general, dark ages, reionization, first stars, telescopes},
     year = 2013,
    month = aug,
   volume = 556,
      eid = {A2},
    pages = {A2},
      doi = {10.1051/0004-6361/201220873},
   adsurl = {http://adsabs.harvard.edu/abs/2013A%26A...556A...2V},
  adsnote = {Provided by the SAO/NASA Astrophysics Data System}
}
@ARTICLE{Lidz.08,
   author = {{Lidz}, A. and {Zahn}, O. and {McQuinn}, M. and {Zaldarriaga}, M. and 
	{Hernquist}, L.},
    title = "{Detecting the Rise and Fall of 21 cm Fluctuations with the Murchison Widefield Array}",
  journal = {ApJ},
archivePrefix = "arXiv",
   eprint = {0711.4373},
 keywords = {Cosmology: Theory, Galaxies: Intergalactic Medium, Cosmology: Large-Scale Structure of Universe},
     year = 2008,
    month = jun,
   volume = 680,
    pages = {962-974},
      doi = {10.1086/587618},
   adsurl = {http://adsabs.harvard.edu/abs/2008ApJ...680..962L},
  adsnote = {Provided by the SAO/NASA Astrophysics Data System}
}
@ARTICLE{Pober.14,
   author = {{Pober}, J.~C. and {Liu}, A. and {Dillon}, J.~S. and {Aguirre}, J.~E. and 
	{Bowman}, J.~D. and {Bradley}, R.~F. and {Carilli}, C.~L. and 
	{DeBoer}, D.~R. and {Hewitt}, J.~N. and {Jacobs}, D.~C. and 
	{McQuinn}, M. and {Morales}, M.~F. and {Parsons}, A.~R. and 
	{Tegmark}, M. and {Werthimer}, D.~J.},
    title = "{What Next-generation 21 cm Power Spectrum Measurements can Teach us About the Epoch of Reionization}",
  journal = {ApJ},
archivePrefix = "arXiv",
   eprint = {1310.7031},
 keywords = {dark ages, reionization, first stars, techniques: interferometric},
     year = 2014,
    month = feb,
   volume = 782,
      eid = {66},
    pages = {66},
      doi = {10.1088/0004-637X/782/2/66},
   adsurl = {http://adsabs.harvard.edu/abs/2014ApJ...782...66P},
  adsnote = {Provided by the SAO/NASA Astrophysics Data System}
}
@ARTICLE{Trott.12,
   author = {{Trott}, C.~M. and {Wayth}, R.~B. and {Tingay}, S.~J.},
    title = "{The Impact of Point-source Subtraction Residuals on 21 cm Epoch of Reionization Estimation}",
  journal = {ApJ},
archivePrefix = "arXiv",
   eprint = {1208.0646},
 primaryClass = "astro-ph.CO",
 keywords = {early universe, methods: analytical, techniques: interferometric},
     year = 2012,
    month = sep,
   volume = 757,
      eid = {101},
    pages = {101},
      doi = {10.1088/0004-637X/757/1/101},
   adsurl = {http://adsabs.harvard.edu/abs/2012ApJ...757..101T},
  adsnote = {Provided by the SAO/NASA Astrophysics Data System}
}
@ARTICLE{Morales.12,
   author = {{Morales}, M.~F. and {Hazelton}, B. and {Sullivan}, I. and {Beardsley}, A.},
    title = "{Four Fundamental Foreground Power Spectrum Shapes for 21 cm Cosmology Observations}",
  journal = {ApJ},
archivePrefix = "arXiv",
   eprint = {1202.3830},
 primaryClass = "astro-ph.IM",
 keywords = {cosmology: observations, methods: data analysis, techniques: interferometric},
     year = 2012,
    month = jun,
   volume = 752,
      eid = {137},
    pages = {137},
      doi = {10.1088/0004-637X/752/2/137},
   adsurl = {http://adsabs.harvard.edu/abs/2012ApJ...752..137M},
  adsnote = {Provided by the SAO/NASA Astrophysics Data System}
}
@ARTICLE{Datta.10,
   author = {{Datta}, A. and {Bowman}, J.~D. and {Carilli}, C.~L.},
    title = "{Bright Source Subtraction Requirements for Redshifted 21 cm Measurements}",
  journal = {ApJ},
archivePrefix = "arXiv",
   eprint = {1005.4071},
 primaryClass = "astro-ph.CO",
 keywords = {early universe, intergalactic medium, methods: data analysis, radio lines: general, techniques: interferometric},
     year = 2010,
    month = nov,
   volume = 724,
    pages = {526-538},
      doi = {10.1088/0004-637X/724/1/526},
   adsurl = {http://adsabs.harvard.edu/abs/2010ApJ...724..526D},
  adsnote = {Provided by the SAO/NASA Astrophysics Data System}
}

@ARTICLE{Nithya.15a,
   author = {{Thyagarajan}, N. and {Jacobs}, D.~C. and {Bowman}, J.~D. and 
	{Barry}, N. and {Beardsley}, A.~P. and {Bernardi}, G. and {Briggs}, F. and 
	{Cappallo}, R.~J. and {Carroll}, P. and {Corey}, B.~E. and {de Oliveira-Costa}, A. and 
	{Dillon}, J.~S. and {Emrich}, D. and {Ewall-Wice}, A. and {Feng}, L. and 
	{Goeke}, R. and {Greenhill}, L.~J. and {Hazelton}, B.~J. and 
	{Hewitt}, J.~N. and {Hurley-Walker}, N. and {Johnston-Hollitt}, M. and 
	{Kaplan}, D.~L. and {Kasper}, J.~C. and {Kim}, H.-S. and {Kittiwisit}, P. and 
	{Kratzenberg}, E. and {Lenc}, E. and {Line}, J. and {Loeb}, A. and 
	{Lonsdale}, C.~J. and {Lynch}, M.~J. and {McKinley}, B. and 
	{McWhirter}, S.~R. and {Mitchell}, D.~A. and {Morales}, M.~F. and 
	{Morgan}, E. and {Neben}, A.~R. and {Oberoi}, D. and {Offringa}, A.~R. and 
	{Ord}, S.~M. and {Paul}, S. and {Pindor}, B. and {Pober}, J.~C. and 
	{Prabu}, T. and {Procopio}, P. and {Riding}, J. and {Rogers}, A.~E.~E. and 
	{Roshi}, A. and {Udaya Shankar}, N. and {Sethi}, S.~K. and {Srivani}, K.~S. and 
	{Subrahmanyan}, R. and {Sullivan}, I.~S. and {Tegmark}, M. and 
	{Tingay}, S.~J. and {Trott}, C.~M. and {Waterson}, M. and {Wayth}, R.~B. and 
	{Webster}, R.~L. and {Whitney}, A.~R. and {Williams}, A. and 
	{Williams}, C.~L. and {Wu}, C. and {Wyithe}, J.~S.~B.},
    title = "{Foregrounds in Wide-field Redshifted 21 cm Power Spectra}",
  journal = {ApJ},
archivePrefix = "arXiv",
   eprint = {1502.07596},
 primaryClass = "astro-ph.IM",
 keywords = {cosmology: observations, dark ages, reionization, first stars, large-scale structure of universe, methods: statistical, radio continuum: galaxies, techniques: interferometric},
     year = 2015,
    month = may,
   volume = 804,
      eid = {14},
    pages = {14},
      doi = {10.1088/0004-637X/804/1/14},
   adsurl = {http://adsabs.harvard.edu/abs/2015ApJ...804...14T},
  adsnote = {Provided by the SAO/NASA Astrophysics Data System}
}
@ARTICLE{Nithya.15b,
   author = {{Thyagarajan}, N. and {Jacobs}, D.~C. and {Bowman}, J.~D. and 
	{Barry}, N. and {Beardsley}, A.~P. and {Bernardi}, G. and {Briggs}, F. and 
	{Cappallo}, R.~J. and {Carroll}, P. and {Deshpande}, A.~A. and 
	{de Oliveira-Costa}, A. and {Dillon}, J.~S. and {Ewall-Wice}, A. and 
	{Feng}, L. and {Greenhill}, L.~J. and {Hazelton}, B.~J. and 
	{Hernquist}, L. and {Hewitt}, J.~N. and {Hurley-Walker}, N. and 
	{Johnston-Hollitt}, M. and {Kaplan}, D.~L. and {Kim}, H.-S. and 
	{Kittiwisit}, P. and {Lenc}, E. and {Line}, J. and {Loeb}, A. and 
	{Lonsdale}, C.~J. and {McKinley}, B. and {McWhirter}, S.~R. and 
	{Mitchell}, D.~A. and {Morales}, M.~F. and {Morgan}, E. and 
	{Neben}, A.~R. and {Oberoi}, D. and {Offringa}, A.~R. and {Ord}, S.~M. and 
	{Paul}, S. and {Pindor}, B. and {Pober}, J.~C. and {Prabu}, T. and 
	{Procopio}, P. and {Riding}, J. and {Udaya Shankar}, N. and 
	{Sethi}, S.~K. and {Srivani}, K.~S. and {Subrahmanyan}, R. and 
	{Sullivan}, I.~S. and {Tegmark}, M. and {Tingay}, S.~J. and 
	{Trott}, C.~M. and {Wayth}, R.~B. and {Webster}, R.~L. and {Williams}, A. and 
	{Williams}, C.~L. and {Wyithe}, J.~S.~B.},
    title = "{Confirmation of Wide-field Signatures in Redshifted 21 cm Power Spectra}",
  journal = {ApJL},
archivePrefix = "arXiv",
   eprint = {1506.06150},
 keywords = {cosmology: observations, dark ages, reionization, first stars, large-scale structure of universe, methods: statistical, radio continuum: galaxies, techniques: interferometric},
     year = 2015,
    month = jul,
   volume = 807,
      eid = {L28},
    pages = {L28},
      doi = {10.1088/2041-8205/807/2/L28},
   adsurl = {http://adsabs.harvard.edu/abs/2015ApJ...807L..28T},
  adsnote = {Provided by the SAO/NASA Astrophysics Data System}
}
@ARTICLE{Dillon14,
   author = {{Dillon}, J.~S. and {Liu}, A. and {Williams}, C.~L. and {Hewitt}, J.~N. and 
	{Tegmark}, M. and {Morgan}, E.~H. and {Levine}, A.~M. and {Morales}, M.~F. and 
	{Tingay}, S.~J. and {Bernardi}, G. and {Bowman}, J.~D. and {Briggs}, F.~H. and 
	{Cappallo}, R.~C. and {Emrich}, D. and {Mitchell}, D.~A. and 
	{Oberoi}, D. and {Prabu}, T. and {Wayth}, R. and {Webster}, R.~L.
	},
    title = "{Overcoming real-world obstacles in 21 cm power spectrum estimation: A method demonstration and results from early Murchison Widefield Array data}",
  journal = {PhRvD},
archivePrefix = "arXiv",
   eprint = {1304.4229},
 primaryClass = "astro-ph.CO",
 keywords = {Observation and data reduction techniques, computer modeling and simulation, Radio microwave, Cosmology, Observational cosmology},
     year = 2014,
    month = jan,
   volume = 89,
   number = 2,
      eid = {023002},
    pages = {023002},
      doi = {10.1103/PhysRevD.89.023002},
   adsurl = {http://adsabs.harvard.edu/abs/2014PhRvD..89b3002D},
  adsnote = {Provided by the SAO/NASA Astrophysics Data System}
}


@ARTICLE{Pober13,
   author = {{Pober}, J.~C. and {Parsons}, A.~R. and {Aguirre}, J.~E. and 
	{Ali}, Z. and {Bradley}, R.~F. and {Carilli}, C.~L. and {DeBoer}, D. and 
	{Dexter}, M. and {Gugliucci}, N.~E. and {Jacobs}, D.~C. and 
	{Klima}, P.~J. and {MacMahon}, D. and {Manley}, J. and {Moore}, D.~F. and 
	{Stefan}, I.~I. and {Walbrugh}, W.~P.},
    title = "{Opening the 21 cm Epoch of Reionization Window: Measurements of Foreground Isolation with PAPER}",
  journal = {ApJL},
archivePrefix = "arXiv",
   eprint = {1301.7099},
 keywords = {cosmology: observations, dark ages, reionization, first stars, techniques: interferometric},
     year = 2013,
    month = may,
   volume = 768,
      eid = {L36},
    pages = {L36},
      doi = {10.1088/2041-8205/768/2/L36},
   adsurl = {http://adsabs.harvard.edu/abs/2013ApJ...768L..36P},
  adsnote = {Provided by the SAO/NASA Astrophysics Data System}
}

@ARTICLE{Bernardi09,
   author = {{Bernardi}, G. and {de Bruyn}, A.~G. and {Brentjens}, M.~A. and 
	{Ciardi}, B. and {Harker}, G. and {Jeli{\'c}}, V. and {Koopmans}, L.~V.~E. and 
	{Labropoulos}, P. and {Offringa}, A. and {Pandey}, V.~N. and 
	{Schaye}, J. and {Thomas}, R.~M. and {Yatawatta}, S. and {Zaroubi}, S.
	},
    title = "{Foregrounds for observations of the cosmological 21 cm line. I. First Westerbork measurements of Galactic emission at 150 MHz in a low latitude field}",
  journal = {A\& A},
archivePrefix = "arXiv",
   eprint = {0904.0404},
 keywords = {polarization, cosmology: diffuse radiation, cosmology: observations, radio continuum: general, ISM: general, ISM: magnetic fields},
     year = 2009,
    month = jun,
   volume = 500,
    pages = {965-979},
      doi = {10.1051/0004-6361/200911627},
   adsurl = {http://adsabs.harvard.edu/abs/2009A%26A...500..965B},
  adsnote = {Provided by the SAO/NASA Astrophysics Data System}
}
@ARTICLE{Furlanetto06,
   author = {{Furlanetto}, S.~R. and {Oh}, S.~P. and {Briggs}, F.~H.},
    title = "{Cosmology at low frequencies: The 21 cm transition and the high-redshift Universe}",
  journal = {PhR},
   eprint = {astro-ph/0608032},
     year = 2006,
    month = oct,
   volume = 433,
    pages = {181-301},
      doi = {10.1016/j.physrep.2006.08.002},
   adsurl = {http://adsabs.harvard.edu/abs/2006PhR...433..181F},
  adsnote = {Provided by the SAO/NASA Astrophysics Data System}
}

@ARTICLE{Patil17,
   author = {{Patil}, A.~H. and {Yatawatta}, S. and {Koopmans}, L.~V.~E. and 
	{de Bruyn}, A.~G. and {Brentjens}, M.~A. and {Zaroubi}, S. and 
	{Asad}, K.~M.~B. and {Hatef}, M. and {Jeli{\'c}}, V. and {Mevius}, M. and 
	{Offringa}, A.~R. and {Pandey}, V.~N. and {Vedantham}, H. and 
	{Abdalla}, F.~B. and {Brouw}, W.~N. and {Chapman}, E. and {Ciardi}, B. and 
	{Gehlot}, B.~K. and {Ghosh}, A. and {Harker}, G. and {Iliev}, I.~T. and 
	{Kakiichi}, K. and {Majumdar}, S. and {Mellema}, G. and {Silva}, M.~B. and 
	{Schaye}, J. and {Vrbanec}, D. and {Wijnholds}, S.~J.},
    title = "{Upper Limits on the 21 cm Epoch of Reionization Power Spectrum from One Night with LOFAR}",
  journal = {ApJ},
archivePrefix = "arXiv",
   eprint = {1702.08679},
 keywords = {dark ages, reionization, first stars},
     year = 2017,
    month = mar,
   volume = 838,
      eid = {65},
    pages = {65},
      doi = {10.3847/1538-4357/aa63e7},
   adsurl = {http://adsabs.harvard.edu/abs/2017ApJ...838...65P},
  adsnote = {Provided by the SAO/NASA Astrophysics Data System}
}

@ARTICLE{Wieringa92,
   author = {{Wieringa}, M.~H.},
    title = "{An investigation of the telescope based calibration methods 'redundancy' and 'self-cal'}",
  journal = {Experimental Astronomy},
 keywords = {Calibrating, Instrument Compensation, Instrument Errors, Interferometry, Radio Telescopes, Redundancy, Astronomical Maps, Correction, Signal To Noise Ratios},
     year = 1992,
   volume = 2,
    pages = {203-225},
      doi = {10.1007/BF00420576},
   adsurl = {http://adsabs.harvard.edu/abs/1992ExA.....2..203W},
  adsnote = {Provided by the SAO/NASA Astrophysics Data System}
}
@ARTICLE{Moore17,
   author = {{Moore}, D.~F. and {Aguirre}, J.~E. and {Kohn}, S.~A. and {Parsons}, A.~R. and 
	{Ali}, Z.~S. and {Bradley}, R.~F. and {Carilli}, C.~L. and {DeBoer}, D.~R. and 
	{Dexter}, M.~R. and {Gugliucci}, N.~E. and {Jacobs}, D.~C. and 
	{Klima}, P. and {Liu}, A. and {MacMahon}, D.~H.~E. and {Manley}, J.~R. and 
	{Pober}, J.~C. and {Stefan}, I.~I. and {Walbrugh}, W.~P.},
    title = "{Limits on Polarized Leakage for the PAPER Epoch of Reionization Measurements at 126 and 164 MHz}",
  journal = {ApJ},
 keywords = {dark ages, reionization, first stars, polarization},
     year = 2017,
    month = feb,
   volume = 836,
      eid = {154},
    pages = {154},
      doi = {10.3847/1538-4357/836/2/154},
   adsurl = {http://adsabs.harvard.edu/abs/2017ApJ...836..154M},
  adsnote = {Provided by the SAO/NASA Astrophysics Data System}
}

@ARTICLE{Jacobs15,
   author = {{Jacobs}, D.~C. and {Pober}, J.~C. and {Parsons}, A.~R. and 
	{Aguirre}, J.~E. and {Ali}, Z.~S. and {Bowman}, J. and {Bradley}, R.~F. and 
	{Carilli}, C.~L. and {DeBoer}, D.~R. and {Dexter}, M.~R. and 
	{Gugliucci}, N.~E. and {Klima}, P. and {Liu}, A. and {MacMahon}, D.~H.~E. and 
	{Manley}, J.~R. and {Moore}, D.~F. and {Stefan}, I.~I. and {Walbrugh}, W.~P.
	},
    title = "{Multiredshift Limits on the 21 cm Power Spectrum from PAPER}",
  journal = {ApJ},
archivePrefix = "arXiv",
   eprint = {1408.3389},
 keywords = {dark ages, reionization, first stars, techniques: interferometric},
     year = 2015,
    month = mar,
   volume = 801,
      eid = {51},
    pages = {51},
      doi = {10.1088/0004-637X/801/1/51},
   adsurl = {http://adsabs.harvard.edu/abs/2015ApJ...801...51J},
  adsnote = {Provided by the SAO/NASA Astrophysics Data System}
}
@ARTICLE{Parsons14,
   author = {{Parsons}, A.~R. and {Liu}, A. and {Aguirre}, J.~E. and {Ali}, Z.~S. and 
	{Bradley}, R.~F. and {Carilli}, C.~L. and {DeBoer}, D.~R. and 
	{Dexter}, M.~R. and {Gugliucci}, N.~E. and {Jacobs}, D.~C. and 
	{Klima}, P. and {MacMahon}, D.~H.~E. and {Manley}, J.~R. and 
	{Moore}, D.~F. and {Pober}, J.~C. and {Stefan}, I.~I. and {Walbrugh}, W.~P.
	},
    title = "{New Limits on 21 cm Epoch of Reionization from PAPER-32 Consistent with an X-Ray Heated Intergalactic Medium at z = 7.7}",
  journal = {ApJ},
archivePrefix = "arXiv",
   eprint = {1304.4991},
 keywords = {cosmology: observations, dark ages, reionization, first stars, early universe, instrumentation: interferometers, intergalactic medium, radio continuum: general},
     year = 2014,
    month = jun,
   volume = 788,
      eid = {106},
    pages = {106},
      doi = {10.1088/0004-637X/788/2/106},
   adsurl = {http://adsabs.harvard.edu/abs/2014ApJ...788..106P},
  adsnote = {Provided by the SAO/NASA Astrophysics Data System}
}
@ARTICLE{Liu10,
   author = {{Liu}, A. and {Tegmark}, M. and {Morrison}, S. and {Lutomirski}, A. and 
	{Zaldarriaga}, M.},
    title = "{Precision calibration of radio interferometers using redundant baselines}",
  journal = {MNRAS},
archivePrefix = "arXiv",
   eprint = {1001.5268},
 primaryClass = "astro-ph.IM",
 keywords = {instrumentation: interferometers, methods: data analysis, cosmology: observations, radio continuum: general},
     year = 2010,
    month = oct,
   volume = 408,
    pages = {1029-1050},
      doi = {10.1111/j.1365-2966.2010.17174.x},
   adsurl = {http://adsabs.harvard.edu/abs/2010MNRAS.408.1029L},
  adsnote = {Provided by the SAO/NASA Astrophysics Data System}
}

@ARTICLE{Zheng14,
   author = {{Zheng}, H. and {Tegmark}, M. and {Buza}, V. and {Dillon}, J.~S. and 
	{Gharibyan}, H. and {Hickish}, J. and {Kunz}, E. and {Liu}, A. and 
	{Losh}, J. and {Lutomirski}, A. and {Morrison}, S. and {Narayanan}, S. and 
	{Perko}, A. and {Rosner}, D. and {Sanchez}, N. and {Schutz}, K. and 
	{Tribiano}, S.~M. and {Valdez}, M. and {Yang}, H. and {Adami}, K.~Z. and 
	{Zelko}, I. and {Zheng}, K. and {Armstrong}, R.~P. and {Bradley}, R.~F. and 
	{Dexter}, M.~R. and {Ewall-Wice}, A. and {Magro}, A. and {Matejek}, M. and 
	{Morgan}, E. and {Neben}, A.~R. and {Pan}, Q. and {Penna}, R.~F. and 
	{Peterson}, C.~M. and {Su}, M. and {Villasenor}, J. and {Williams}, C.~L. and 
	{Zhu}, Y.},
    title = "{MITEoR: a scalable interferometer for precision 21 cm cosmology}",
  journal = {MNRAS},
archivePrefix = "arXiv",
   eprint = {1405.5527},
 primaryClass = "astro-ph.IM",
 keywords = {instrumentation: interferometers, methods: data analysis, techniques: interferometric, cosmology: observations, dark ages, reionization, first stars},
     year = 2014,
    month = dec,
   volume = 445,
    pages = {1084-1103},
      doi = {10.1093/mnras/stu1773},
   adsurl = {http://adsabs.harvard.edu/abs/2014MNRAS.445.1084Z},
  adsnote = {Provided by the SAO/NASA Astrophysics Data System}
}
@ARTICLE{Ali15,
   author = {{Ali}, Z.~S. and {Parsons}, A.~R. and {Zheng}, H. and {Pober}, J.~C. and 
	{Liu}, A. and {Aguirre}, J.~E. and {Bradley}, R.~F. and {Bernardi}, G. and 
	{Carilli}, C.~L. and {Cheng}, C. and {DeBoer}, D.~R. and {Dexter}, M.~R. and 
	{Grobbelaar}, J. and {Horrell}, J. and {Jacobs}, D.~C. and {Klima}, P. and 
	{MacMahon}, D.~H.~E. and {Maree}, M. and {Moore}, D.~F. and 
	{Razavi}, N. and {Stefan}, I.~I. and {Walbrugh}, W.~P. and {Walker}, A.
	},
    title = "{PAPER-64 Constraints on Reionization: The 21 cm Power Spectrum at z = 8.4}",
  journal = {ApJ},
archivePrefix = "arXiv",
   eprint = {1502.06016},
 keywords = {cosmology: observations, dark ages, reionization, first stars, early universe, instrumentation: interferometers, intergalactic medium},
     year = 2015,
    month = aug,
   volume = 809,
      eid = {61},
    pages = {61},
      doi = {10.1088/0004-637X/809/1/61},
   adsurl = {http://adsabs.harvard.edu/abs/2015ApJ...809...61A},
  adsnote = {Provided by the SAO/NASA Astrophysics Data System}
}
@ARTICLE{Cotton12,
   author = {{Cotton}, W.~D.},
    title = "{a New Method for Cross Polarized Delay Calibration of Radio Interferometers}",
  journal = {Journal of Astronomical Instrumentation },
archivePrefix = "arXiv",
   eprint = {1205.3991},
 primaryClass = "astro-ph.IM",
 keywords = {radio interferometry, polarization calibration},
     year = 2012,
    month = dec,
   volume = 1,
      eid = {1250001},
    pages = {1250001},
      doi = {10.1142/S2251171712500018},
   adsurl = {http://adsabs.harvard.edu/abs/2012JAI.....150001C},
  adsnote = {Provided by the SAO/NASA Astrophysics Data System}
}
@ARTICLE{Kohn16,
   author = {{Kohn}, S.~A. and {Aguirre}, J.~E. and {Nunhokee}, C.~D. and 
	{Bernardi}, G. and {Pober}, J.~C. and {Ali}, Z.~S. and {Bradley}, R.~F. and 
	{Carilli}, C.~L. and {DeBoer}, D.~R. and {Gugliucci}, N.~E. and 
	{Jacobs}, D.~C. and {Klima}, P. and {MacMahon}, D.~H.~E. and 
	{Manley}, J.~R. and {Moore}, D.~F. and {Parsons}, A.~R. and 
	{Stefan}, I.~I. and {Walbrugh}, W.~P.},
    title = "{Constraining Polarized Foregrounds for EoR Experiments I: 2D Power Spectra from the PAPER-32 Imaging Array}",
  journal = {ApJ},
archivePrefix = "arXiv",
   eprint = {1602.02635},
 primaryClass = "astro-ph.IM",
 keywords = {cosmology: observations, dark ages, reionization, first stars, polarization, techniques: interferometric},
     year = 2016,
    month = jun,
   volume = 823,
      eid = {88},
    pages = {88},
      doi = {10.3847/0004-637X/823/2/88},
   adsurl = {http://adsabs.harvard.edu/abs/2016ApJ...823...88K},
  adsnote = {Provided by the SAO/NASA Astrophysics Data System}
}
